3166 5048
678 361 899 420 ..42..

418 557 518 626 Quas
538 558 660 625 primum
680 557 799 610 infernis
818 556 899 610 licuit
918 571 1100 626 cognoscere
1119 557 1204 609 terris

416 647 537 700 Munere
557 646 725 699 caelestum.

282 772 306 804 11
325 772 425 825 Freier
441 772 545 825 Woch.
563 770 580 824 1.
598 770 685 824 klass.
698 770 798 824 Philol.
817 773 885 836 1889
904 770 956 824 No.
973 786 1005 835 34
1015 789 1021 837 ;
1048 769 1198 839 Rossberg
1217 769 1291 823 Berl.
1309 770 1378 838 phil.
1413 846 1417 852 Δ

203 863 306 916 Woch.
324 865 390 926 1889
410 861 462 915 No.
478 878 519 926 34.

283 968 306 999 ²¹
326 968 358 1020 N.
373 967 469 1037 Jahrb.
488 969 555 1032 1889
575 983 602 1034 p.
621 980 678 1031 193.

284 1073 307 1106 11
326 1074 426 1128 Durch
446 1075 493 1128 die
507 1073 610 1128 Gnade
629 1075 682 1126 der
695 1072 905 1125 Himmlischen
924 1072 962 1125 ist
981 1087 1013 1124 es
1032 1073 1090 1124 den
1103 1071 1261 1126 Menschen
1281 1080 1380 1126 zuerst

203 1168 347 1234 vergdnnt
367 1164 496 1227 worden,
516 1163 557 1216 sie
576 1162 633 1230 (die
646 1162 733 1228 Welt)
752 1177 881 1232 genauer
900 1161 1016 1214 kennen
1036 1177 1070 1213 zu
1090 1160 1199 1214 lernen.

282 1269 305 1301 11
324 1269 380 1323 Zur
393 1270 607 1323 Konstruktion
625 1285 682 1322 von
696 1269 764 1322 licet
783 1269 899 1335 (Archiv
915 1267 933 1321 1.
947 1267 1049 1321 Lexilr.
1067 1284 1142 1333 1900,
1158 1275 1178 1320 1.
1192 1268 1242 1332 XI,
1256 1267 1381 1336 p.9sq.).

286 1376 349 1446 11].
370 1377 406 1429 H.
426 1375 559 1429 Schmalz
586 1376 634 1429 lat.
654 1376 766 1446 Syntax
790 1376 849 1429 und
868 1374 990 1428 Stilistik
1014 1375 1043 1427 in
1067 1373 1305 1427 Stolz-Schmalz
1330 1374 1379 1428 lat.

204 1464 393 1519 Grammatik.
408 1465 534 1519 Monach
553 1464 639 1530 ¹903⁸
653 1481 680 1532 p.
694 1468 762 1531 2875
781 1465 802 1533 J.
817 1463 941 1517 Galbula
958 1463 1228 1518 Commentationes
1248 1464 1380 1528 Latinae,

203 1554 340 1616 Mattiaci,
355 1554 400 1606 ΙΙΙ.
415 1554 483 1607 edit.
501 1557 567 1619 1879
584 1569 611 1622 p.
625 1570 655 1607 21
675 1553 730 1621 (VI.
742 1554 810 1606 edit.
824 1552 916 1606 Berol.
932 1556 996 1618 1892
1018 1553 1086 1606 mihi
1103 1569 1162 1605 non
1180 1560 1299 1620 praesto
1310 1552 1380 1620 est);

203 1642 401 1696 Drenckhahn
419 1642 466 1696 lat.
481 1641 604 1695 Stilistik
619 1642 712 1695 Berol.
729 1645 803 1707 1887,
820 1661 844 1708 p.
860 1645 905 1708 893
923 1642 992 1695 Karl
1006 1641 1155 1695 Friedrich
1171 1658 1228 1695 von
1243 1640 1382 1712 Naegels-

203 1731 278 1784 bach
298 1732 345 1786 lat.
361 1731 483 1785 Stilistik
499 1730 517 1784 1.
531 1730 681 1784 Deutsche
701 1732 757 1798 (ed.
771 1731 790 1785 I.
804 1730 944 1798 Mueller),
960 1730 1169 1801 Norimbergae
1188 1733 1254 1784 1888
1274 1745 1301 1797 p.
1319 1745 1381 1795 199,

203 1820 252 1873 ubi
279 1821 400 1874 aliorum
426 1835 544 1889 quoque
570 1819 721 1883 librorum,
746 1821 775 1872 in
802 1820 906 1889 quibus
930 1820 967 1872 de
992 1819 1104 1872 relativi
1126 1819 1306 1886 pronominis
1325 1835 1381 1872 usu

204 1909 306 1979 agitur,
326 1909 513 1962 inveniuntur
532 1909 615 1962 tituli.

284 2015 307 2047 11
326 2017 427 2085 Justin.
447 2015 558 2069 XXXII.
579 2034 610 2078 4:

283 2121 307 2154 11
326 2122 455 2176 Thomas
469 2139 496 2190 p.
510 2138 553 2190 15;
568 2123 738 2176 Housmann
756 2123 793 2176 ad
806 2141 832 2175 v.
844 2123 907 2185 184,
924 2138 982 2190 quo
996 2129 1117 2175 auctore
1130 2122 1228 2174 codex
1241 2120 1277 2172 M.
1291 2120 1382 2173 habet

204 2218 378 2275 commenta,
389 2212 426 2265 de
437 2228 495 2281 qua
505 2212 632 2264 lectione
645 2212 714 2264 nihil
724 2211 795 2264 dicit
807 2211 967 2264 Bechertus
977 2211 1006 2262 in
1017 2226 1069 2264 sua
1079 2210 1186 2263 Manilii
1197 2209 1335 2262 editione.
1346 2237 1381 2246 —

283 2317 305 2348 11
325 2318 462 2371 Wdlfflini
487 2319 573 2371 Arch.
594 2318 612 2372 f.
632 2318 789 2389 Lexikogr.
813 2335 892 2384 1902,
918 2325 938 2370 t.
958 2316 1008 2369 XII
1032 2333 1059 2384 p.
1084 2335 1131 2380 144
1158 2317 1196 2370 de
1215 2315 1381 2369 Tironianis

204 2405 361 2459 verborum
380 2407 465 2460 notis.

282 2512 305 2544 11
323 2513 409 2584 Verg.
430 2515 501 2568 Aen.
521 2513 532 2565 I
556 2518 621 2582 6053
648 2522 802 2581 praeterea
826 2513 1006 2566 Burmannus
1031 2513 1067 2566 ad
1086 2512 1208 2566 Phaedr.
1229 2511 1262 2573 Il,
1283 2525 1307 2578 5,
1330 2526 1381 2578 14;

204 2600 383 2655 Muetzellius
402 2604 439 2655 ad
459 2602 537 2657 Curt.
551 2603 585 2656 V.
606 2621 629 2666 4,
650 2606 682 2670 8;
702 2603 830 2656 Korteus
849 2603 886 2655 ad
905 2602 973 2654 Plin.
993 2594 1039 2669 ep'.
1053 2619 1077 2666 2,
1092 2605 1146 2671 5,6
1166 2608 1195 2654 et
1214 2599 1380 2653 Ellendtius

205 2690 250 2742 ad.
271 2689 329 2744 Cic.
349 2691 377 2744 d.
397 2707 438 2744 or.
462 2709 483 2753 1,
503 2708 563 2761 205.

284 2794 308 2826 11
326 2797 363 2850 de
384 2796 483 2851 formis
503 2799 659 2852 coniuncte
680 2806 709 2852 et
722 2799 901 2852 coniunctim
920 2799 976 2852 vid.
991 2797 1084 2852 Carol.
1099 2795 1245 2866 Wagener
1264 2795 1380 2862 Haupt·

205 2885 458 2956 schwierigkeiten
477 2887 530 2940 der
549 2888 595 2940 lat.
610 2887 825 2950 Formenlehre,
846 2885 961 2940 Gothae
984 2889 1051 2940 1888
1070 2902 1097 2953 p.
1115 2901 1156 2950 32.

285 2989 309 3022 ³⁰
328 2990 339 3042 Ι
359 3007 418 3056 711,
434 3006 502 3060 ⁷155
522 3009 581 3062 595·
600 2998 667 3060 ⁶02;
688 2997 830 3061 4594615
850 3008 909 3062 551,
924 3007 991 3060 5545
1010 2992 1104 3059 (nna),
1126 3006 1185 3059 554,
1200 3006 1250 3059 554
1270 2987 1382 3060 (siena)-

284 3095 306 3127 11
326 3113 353 3164 ΡΙ
377 3114 416 3163 19·

284 3203 308 3235 11
326 3204 373 3257 Ex
392 3205 553 3259 Housmani
573 3207 646 3260 libro
665 3207 791 3274 repetivi
809 3205 899 3259 verba
918 3222 946 3273 p.
961 3221 1002 3274 54.

285 3310 308 3343 11
328 3312 459 3366 Eandem
485 3314 658 3381 scripturam
682 3315 710 3366 in
730 3313 880 3368 Claudiani
906 3311 1057 3366 codicibus
1083 3310 1131 3380 qui
1150 3310 1250 3363 volent
1269 3307 1381 3362 inveni·

206 3407 269 3453 ent:
290 3399 411 3453 91Β1111
431 3401 468 3455 ad
487 3401 564 3454 hunc
585 3417 701 3455 versum
720 3402 851 3470 aliosque
870 3409 963 3455 notas.

285 3523 308 3555 11
326 3525 371 3577 De
391 3525 547 3579 verborum
569 3526 780 3590 iterationibus
800 3527 906 3595 quibus
925 3526 961 3578 M.
976 3541 1045 3578 usus
1064 3531 1118 3587 est,
1137 3524 1173 3577 cs.
1193 3539 1269 3592 quae
1291 3521 1384 3589 scrip·

206 3620 307 3666 serunt
325 3614 358 3666 E.
372 3614 492 3668 Mueller
511 3615 527 3668 l.
542 3615 558 3667 l.
572 3631 600 3683 p.
615 3631 648 3680 70
668 3632 695 3668 n.
715 3623 745 3668 et
764 3615 1029 3685 Kleinguentherus
1049 3613 1065 3665 l.
1082 3613 1108 3676 l.,
1128 3613 1177 3681 qui
1197 3628 1245 3679 pp.
1265 3625 1383 3679 47-53,

206 3708 237 3754 ut
257 3710 364 3769 poetae
383 3703 529 3757 officinam
548 3704 770 3773 quodammodo
795 3704 960 3757 accuratius
983 3703 1153 3765 illustraret,
1180 3703 1218 3754 de
1244 3716 1383 3753 versuum

206 3791 341 3843 clausulis
361 3808 378 3844 a
397 3800 486 3859 poeta
505 3793 616 3845 iteratis
635 3794 702 3864 egit.

286 3914 309 3945 11
328 3915 479 3970 Housman
504 3917 554 3970 hat
573 3917 676 3980 Recht,
696 3932 781 3970 wenn
807 3932 838 3969 er
857 3924 929 3986 sagt,
950 3932 1016 3968 man
1036 3915 1126 3967 suche
1146 3912 1314 3984 vergeblich
1334 3898 1382 3965 hei

207 4004 264 4056 den
279 4003 463 4058 Historikern
483 4006 558 4058 nach
577 4006 644 4059 dem
659 4006 789 4059 Beweise
805 4005 898 4068 dasiir,
918 4005 1005 4057 dass
1025 4005 1084 4056 ein
1105 4003 1281 4070 Papirius
1300 4001 1381 4054 dem

208 4092 331 4163 Kdnig
357 4093 523 4164 Pyrrhus
549 4096 594 4146 im
619 4095 736 4147 Felde
763 4093 1180 4163 entgegengestanden
1207 4091 1279 4154 sei,
1304 4088 1382 4143 wohl

208 4181 277 4233 aber
296 4183 338 4234 sei
357 4183 410 4236 der
423 4183 513 4236 Name
533 4184 625 4237 durch
645 4184 692 4237 die
712 4183 957 4253 Samniterkriege
976 4182 1111 4235 beriihmt
1130 4180 1288 4267 ¹geworden
1308 4194 1381 4232 usw.
