3166 5048
677 325 895 387 ..15-

206 535 361 616 «Pyrrhi.
380 584 386 597 .
406 587 412 600 .
431 535 576 615 Papirius
595 536 698 598 ultor»
720 537 764 597 ita
785 536 946 598 redditur:
973 535 1114 614 Pyrrhus
1134 555 1199 597 was
1220 534 1374 598 defeated

202 645 247 722 by
263 643 409 722 Papirius
430 643 617 726 (Housman
639 663 670 723 p.
688 640 838 724 LXXIII)
858 678 901 688 -
918 662 1026 723 neque
1048 644 1136 705 emm
1159 663 1227 718 sua,
1246 644 1374 723 opInor,

201 750 366 812 interdum
389 749 585 811 Housmano
610 749 747 811 reddere
772 747 954 813 vetabor.⁸⁷
1136 818 1138 823 ,

291 855 463 918 Praeterea
499 865 611 918 autem
650 876 850 936 quamquam
888 876 955 917 non
997 857 1110 917 nescio
1146 865 1254 917 totum
1289 854 1376 917 hunc

204 962 314 1024 locum
337 962 514 1043 imaginem
537 982 612 1024 esse
636 964 716 1034 eius,
742 964 797 1043 qui
822 963 985 1024 invenitur
1008 963 1041 1023 in
1058 962 1157 1043 Verg.
1176 962 1258 1026 Aen.
1281 961 1301 1024 I.
1319 961 1375 1026 VI.

204 1090 232 1130 v.
260 1081 325 1147 790
355 1088 403 1148 sq.
429 1064 485 1150 (cf.
512 1067 625 1129 ultoris
654 1067 746 1130 Bruti
776 1091 805 1131 v.
836 1071 917 1144 818;
950 1068 1037 1131 ultus
1066 1089 1145 1130 avos
1176 1090 1205 1134 v.
1232 1066 1309 1152 840)
1338 1087 1376 1129 ac

203 1174 362 1250 fontibuS,
387 1174 475 1236 unde
499 1173 665 1236 haurImus
690 1194 751 1250 res,
775 1195 860 1255 quae
884 1174 937 1236 iIIa
960 1186 1070 1237 aetate
1093 1186 1207 1256 gestae
1232 1185 1317 1250 sunt,
1343 1175 1377 1236 id

203 1280 294 1362 quod
315 1282 505 1342 acutissimo
525 1280 589 1356 illo,
608 1301 673 1361 quo
694 1281 778 1343 solet
799 1302 872 1343 esse
894 1283 1036 1362 Ingenio,
1054 1279 1190 1343 Niese³⁸
1209 1282 1375 1362 exposuit,

203 1397 253 1449 sat
279 1407 378 1467 saepe
407 1387 507 1448 fidem
531 1407 605 1448 esse
635 1388 870 1469 derogandam,
894 1397 1016 1460 tamen,
1042 1388 1134 1468 quod
1163 1388 1203 1450 de
1232 1387 1377 1468 Pyrrhi

203 1495 342 1557 ultore
366 1494 454 1573 apud
471 1513 578 1555 rerum
596 1495 773 1573 scriptores
793 1492 869 1555 nihil
886 1493 1100 1556 Housmanus
1122 1497 1256 1570 invenit,
1274 1495 1376 1574 Ipsius

204 1621 283 1664 sane
306 1602 421 1681 culpae
445 1621 518 1662 esse
542 1601 787 1662 attribuendum
811 1602 922 1662 statIm
946 1602 1128 1680 apparebit.

294 1706 369 1768 Non
400 1726 463 1788 ego
494 1707 628 1786 quidem
651 1726 815 1768 arcessam
846 1727 888 1768 ex
918 1706 1078 1768 Frontino
1087 1704 1115 1744 ³⁹
1139 1707 1228 1769 illurn
1256 1708 1375 1782 locum,

204 1816 261 1876 ubi
285 1814 439 1894 legimus:
471 1822 548 1892 post
572 1832 676 1874 annos
701 1813 772 1889 XL,
798 1833 896 1893 quam
919 1812 1029 1893 Appia
1053 1816 1105 1875 via
1132 1814 1291 1894 perducta
1310 1813 1375 1893 est,

205 1940 292 1982 anno
331 1922 372 1982 ab
412 1921 492 1981 urbe
533 1920 666 1981 condita
705 1921 1030 2002 quadringenteSImo
1066 1922 1272 2001 octogeSImo
1311 1940 1378 1982 uno

206 2027 259 2089 Μ’.
275 2025 392 2090 Curius
409 2026 584 2102 Dentatus,
599 2028 654 2106 qui
672 2046 844 2088 censuram
861 2046 937 2088 cum
953 2025 991 2090 L.
1010 2027 1176 2106 Papirio
1196 2025 1377 2089 Cursore

208 2136 283 2216 egit,
314 2133 452 2195 Anionis
484 2130 530 2216 (t),
561 2136 615 2213 qui
646 2153 733 2195 nunc
763 2143 858 2196 vetus
889 2134 1017 2210 dicitur,
1049 2154 1168 2214 aquam
1199 2136 1231 2194 in
1261 2135 1378 2196 urbem

207 2262 251 2302 ex
284 2241 492 2302 manubiis
526 2221 574 2301 de
597 2239 754 2320 Pyrrho
787 2242 906 2319 captis,
939 2239 978 2303 L.
1003 2240 1170 2321 Papirio
1202 2260 1287 2306 coss.
1319 2243 1374 2302 ite-

206 2366 294 2423 rum;
320 2382 362 2391 —
386 2347 445 2408 sed
469 2346 623 2425 inspicias
647 2346 744 2407 velim
769 2348 917 2409 eiusdem
942 2356 1165 2428 strategemat.
1191 2347 1209 2408 I.
1228 2347 1278 2409 III.
1301 2368 1328 2414 c.
1348 2363 1377 2424 3.

206 2452 297 2536 (edit.
327 2453 459 2532 BIpont.
489 2455 571 2532 1788
603 2453 681 2514 mihi
712 2464 845 2533 praesto
876 2453 957 2534 est):
999 2454 1192 2534 Papirius
1224 2453 1378 2517 Cursor

206 2560 294 2640 apud
319 2559 501 2621 Tarentum
524 2559 638 2620 Miloni
664 2609 671 2622 .
698 2613 704 2625 .
732 2610 737 2621 .
764 2614 770 2626 .
797 2561 824 2621 si
853 2560 1023 2639 perillum
1055 2561 1180 2641 oppido
1205 2563 1377 2640 potiretur,

207 2665 370 2746 poIIIcitus
397 2676 457 2731 est.
495 2664 622 2743 Quibus
652 2667 804 2746 praemiis
832 2666 884 2727 ille
910 2675 1084 2746 corruptus
1110 2718 1115 2729 .
1143 2715 1149 2728 .
1176 2717 1182 2729 .
1208 2676 1308 2746 atque
1334 2667 1379 2727 ita

207 2774 442 2835 incustoditam
467 2775 582 2834 urbem
607 2771 777 2835 Cursori
801 2770 977 2838 tradidit.4⁰

298 2877 506 2942 Conferenda
529 2888 579 2940 est
596 2888 766 2957 praeterea
783 2879 929 2940 Zonarae
946 2878 1065 2958 (Vlsso
1086 2879 1138 2944 ed.
1156 2875 1287 2961 PInder)
1307 2898 1378 2940 nar-

207 2987 304 3065 ratio,
337 2987 392 3066 qui
423 2986 464 3046 de
489 2985 617 3065 Papirio
649 2985 730 3047 haec
760 2986 911 3047 tradidit:
947 2985 1034 3049 Μετὰ
1064 2987 1098 3049 δὲ
1127 2995 1223 3048 ταῦτα
1253 2986 1323 3060 τοὺς
1346 3007 1379 3049 τε

207 3093 360 3177 Σαμνίτας
393 3093 443 3155 διὰ
472 3091 661 3175 Καρουϊλίου
689 3092 843 3170 ὑπέταξαν
873 3095 926 3155 καί
952 3093 1117 3156 Δευκανῶν
1147 3094 1200 3155 καί
1225 3092 1379 3176 Βρεττίων

205 3186 257 3263 ’διὰ
280 3197 501 3278 Παπειρίου
526 3198 710 3284 ἐκράτησαν.
737 3198 799 3261 Καί
823 3203 892 3275 τοὺς
918 3199 1122 3282 Ταραντίνους
1146 3199 1162 3261 ὁ
1187 3201 1278 3275 αὐτὸς
1302 3199 1380 3262 Πα·

208 3306 271 3369 πεί
279 3328 363 3389 ριος
386 3304 575 3390 ἐχειρώσατο
594 3357 599 3367 .
616 3354 644 3370 ,.
669 3300 706 3366 ‘0
731 3306 765 3368 δὲ
787 3305 894 3369 Μίλων
918 3306 950 3368 ἐν
974 3314 1070 3389 στενῷ
1095 3305 1194 3390 ἑαυτῷ
1219 3308 1257 3367 τὰ
1281 3305 1379 3390 πράγ-

209 3433 289 3498 ματα
314 3412 522 3496 συνενηγμὲνη
548 3410 628 3494 ὁρῶν
722 3412 883 3494 παρέδωκε
904 3421 947 3496 τῷ
964 3411 1123 3496 Παπειρίῳ
1144 3415 1199 3496 τὴν
1220 3415 1318 3495 οίκραν

207 3514 302 3582 Ἡδὲ
326 3517 414 3594 πόλις
438 3517 655 3603 προςεχώρησε
679 3528 721 3601 τῷ
747 3517 968 3603 Παπειρίῳ,
998 3520 1050 3581 καί
1081 3521 1119 3580 τὰ
1143 3518 1225 3581 ὅπλα
1248 3521 1379 3596 καὶτὰς

208 3634 281 3701 ναῠς
317 3627 399 3709 αὐτῷ
435 3625 608 3708 παρέδοσαν
638 3627 691 3687 καί
721 3627 759 3687 τὰ
789 3625 875 3710 τείχη
906 3624 1061 3689 καθεῖλον
1091 3627 1143 3688 καί
1172 3627 1380 3710 δασμοφορεῖν

208 3732 425 3817 ὡμολόγησαν.
457 3730 548 3795 Οὕτω
568 3733 601 3794 δὲ
621 3736 691 3807 τοὺς
709 3731 913 3814 Ταραντίνους
935 3733 989 3814 ὑφ’
1008 3732 1161 3807 ἑαυτοὺς
1185 3733 1213 3794 oi
1229 3727 1379 3817 Ῥωμαῖοι

209 3841 574 3924 ποιησάμενοι

298 3946 470 4008 Postremo
504 3944 639 4007 celanda
674 3965 747 4007 esse
779 3965 846 4006 non
879 3946 1031 4006 videntur
1063 3944 1101 4006 L.
1127 3944 1257 4007 Annaei
1291 3945 1380 4007 Flori

208 4051 299 4135 (epit.
314 4052 325 4113 I
344 4051 394 4131 19)
408 4052 572 4114 luculenta
586 4051 637 4112 illa
650 4053 758 4127 verba,
774 4053 891 4131 quibus
909 4054 1033 4131 optIme
1048 4052 1164 4131 Papirii
1177 4053 1378 4132 triumphum

209 4161 382 4239 descnpsit
393 4179 398 4218 1
