3166 5048
679 389 898 450 ‚32-

204 606 244 647 ne
282 596 422 665 possunt
458 586 591 666 quidem
623 586 727 652 celari.
779 587 957 666 Propterea
988 587 1166 649 ablativum
1196 607 1271 649 esse
1307 589 1375 653 vult

203 692 388 774 vulgata,
415 713 481 773 quo
504 713 570 754 non
587 694 817 756 animadverso
842 704 1004 755 mutatum
1026 704 1286 774 corruptumque
1302 717 1376 760 esse

202 801 288 862 hunc
312 820 441 862 versum
466 810 570 880 putat.
608 799 680 880 lpse
705 802 751 862 sic
777 800 838 881 legi
863 801 969 862 iubet:

362 941 432 1003 Nec
456 943 534 1003 mihi
558 942 695 1004 celanda
719 952 770 1003 est
795 942 926 1024 vulgata
951 940 1037 1002 lama
1062 952 1191 1004 vetusta

361 1048 500 1111 Mollior.

292 1190 391 1270 Quod
424 1210 509 1272 nego
543 1211 617 1253 esse
650 1191 837 1266 verisimile,
872 1193 1028 1272 quoniam
1060 1193 1166 1253 tribus
1200 1213 1267 1254 uno
1299 1193 1372 1256 loco

203 1300 440 1361 mutationibus
465 1309 575 1361 utatur
598 1318 735 1360 necesse
761 1309 821 1365 est.

293 1424 386 1486 Duae
407 1436 518 1486 autem
536 1425 568 1485 in
589 1435 746 1504 promptu
769 1435 845 1486 sunt
867 1423 1038 1486 facillimae
1060 1424 1198 1486 sanandi
1219 1427 1375 1502 rationes,

203 1551 340 1612 quarum
364 1551 429 1592 una

362 1675 432 1736 Nec
456 1676 533 1736 mihi
558 1674 694 1736 celanda
719 1683 769 1736 est
793 1674 880 1734 fama
904 1673 1057 1754 evulgata
1082 1683 1225 1735 vetusta:

362 1779 539 1843 Molliter⁶⁸
562 1801 581 1842 e
605 1783 702 1841 niveo
728 1829 811 1845 ....

204 1924 354 2004 displicet
375 1935 560 2003 propterea,
579 1924 668 2003 quod
691 1924 741 1984 bis
766 1943 804 1984 ea
826 1924 924 1983 verba
947 1942 1031 2002 quae
1052 1923 1226 1984 traduntur
1249 1931 1375 1983 mutata

204 2043 289 2106 sunt,
307 2030 407 2093 altera
425 2031 527 2112 magis
544 2031 673 2092 videtur
688 2030 959 2092 commendabilis
976 2040 1009 2091 et
1026 2040 1162 2109 propter
1177 2048 1246 2090 rem
1258 2030 1374 2108 ipsam,

204 2139 245 2200 de
270 2159 334 2219 qua
361 2140 481 2221 agitur,
510 2148 543 2200 et
572 2147 708 2217 propter
732 2137 887 2214 sormam,
913 2139 1067 2218 quoniam
1099 2138 1195 2198 unius
1225 2135 1372 2197 literulae

204 2246 386 2307 mutatione
411 2247 457 2306 sic
481 2244 588 2327 legere
612 2244 703 2307 licet:

363 2386 433 2449 Nec
458 2387 535 2448 mihi
559 2387 695 2448 celanda
718 2397 769 2448 est
794 2386 880 2447 lama
903 2387 1054 2469 evulgata
1079 2388 1218 2448 vetustis

364 2494 501 2556 Mollior.

292 2618 375 2681 Tres
396 2620 484 2681 enim
507 2619 601 2680 affert
617 2618 767 2680 Manilius
787 2620 828 2681 de
850 2618 945 2680 lactei
964 2620 1052 2680 orbis
1075 2618 1201 2698 origine
1224 2616 1373 2677 fabulas:

204 2727 350 2788 duriores
375 2727 471 2788 duas:
497 2727 539 2788 de
557 2723 634 2788 Sole
657 2725 684 2810 (Ι
708 2739 773 2804 729
796 2747 837 2787 an
863 2725 977 2788 melius
1000 2735 1111 2787 manet
1135 2723 1187 2785 illa
1210 2722 1292 2784 fides
1317 2742 1377 2802 per

204 2834 333 2896 saecula
349 2830 505 2916 prisca)
527 2843 560 2895 et
581 2834 622 2894 de
636 2833 851 2908 Phaethonte,
865 2852 949 2912 quae
969 2831 1177 2894 descenderit
1195 2829 1238 2891 ad
1256 2838 1376 2908 poetae

204 2951 347 3002 aetatem
362 2942 402 3001 ab
419 2941 609 3020 antiquis
633 2942 739 3016 annis)
758 2940 782 3017 (l
801 2938 887 3020 735),
901 2941 1041 3014 tertiam,
1056 2957 1140 3019 quae
1157 2931 1376 2997 vetustis⁶⁹

205 3048 264 3110 illis
289 3047 538 3109 narratiunculis
562 3049 605 3110 sit
629 3047 756 3109 mollior
780 3047 805 3131 (l
830 3045 924 3128 750):

483 3209 501 3250 e
524 3190 623 3251 niveo
647 3190 739 3252 lactis
765 3190 898 3254 fluxisse
923 3188 1084 3269 liquorem

364 3297 504 3358 Pectore
528 3299 659 3379 reginae
683 3298 795 3359 divum
820 3297 1013 3376 caelumque
1037 3295 1147 3357 colore

365 3402 521 3465 lnlecisse
545 3423 616 3470 suo.
653 3404 863 3484 Quapropter
887 3404 1011 3465 lacteus
1036 3403 1124 3464 orbis

366 3509 503 3586 Dicitur,
529 3520 561 3572 et
586 3530 707 3572 nomen
732 3532 830 3573 causa
854 3512 1026 3573 descendit
1051 3511 1092 3571 ab
1117 3511 1196 3588 ipsa.

206 3653 305 3716 Nicht
323 3653 399 3715 darf
416 3652 601 3735 schweigen
617 3654 675 3714 das
692 3653 776 3715 Lied
793 3673 857 3713 von
878 3654 936 3714 der
952 3651 1236 3713 anmutreicheren
1254 3648 1349 3730 Sage,

207 3761 292 3823 Dass
308 3780 366 3822 aus
383 3761 799 3842 schneeweissglanzender
812 3760 908 3820 Brust
925 3759 983 3819 der
997 3757 1249 3819 Beherrscherin
1262 3757 1347 3838 Juno

208 3866 371 3930 llllilchsalt
401 3866 481 3928 floss
512 3868 579 3927 und
609 3869 640 3928 in
674 3865 880 3927 reichlichem
904 3863 1014 3926 Strom
1046 3864 1105 3926 das
1130 3863 1288 3926 Gewolbe
1319 3863 1380 3925 des

1055 3969 1218 4032 Himmels

208 4082 353 4143 Weithin
373 4083 488 4156 laihte,
507 4081 606 4141 daher
622 4079 845 4142 Milchstrasse
866 4079 923 4140 der
939 4076 1055 4141 Giirtel
1076 4087 1221 4158 genannt
1238 4077 1327 4151 wird‚

208 4187 284 4250 Und
298 4207 361 4249 von
374 4188 450 4249 dem
463 4185 600 4249 Grunde
613 4187 676 4247 den
690 4186 818 4248 Namen
832 4187 956 4261 erhielt,
968 4188 1026 4248 der
1037 4186 1089 4246 die
1103 4183 1209 4246 Farbe
1222 4183 1379 4264 gebildet.
