3166 5048
853 1442 913 1491 Non
933 1443 1063 1503 detestari,
1082 1443 1130 1492 sed
1148 1442 1302 1505 intelligere.

291 1635 326 1698 ln
350 1635 486 1712 Manilii,
516 1637 572 1718 qui
601 1635 713 1716 fertur,
741 1637 1004 1700 Astronomicon
1035 1636 1124 1701 libris
1153 1646 1231 1718 post
1255 1657 1374 1701 novam

202 1743 383 1805 editionem
414 1740 557 1825 (Corpus
589 1753 762 1823 poetarum
792 1743 969 1806 latinorum
999 1743 1050 1810 ed.
1074 1744 1124 1825 Jo.
1148 1744 1181 1807 P.
1207 1744 1374 1827 Postgate,

202 1848 346 1912 Londini
373 1847 479 1934 1900),
510 1868 609 1932 quam
638 1852 841 1931 comparavit
862 1849 1060 1928 Bechertus‚
1084 1852 1131 1913 vir
1153 1850 1375 1927 doctissimus,

202 1955 305 2018 multa
325 1957 470 2032 inveniri,
492 1976 578 2039 quae
595 1975 663 2019 non
681 1958 760 2019 satis
777 1968 867 2020 certa
883 1967 939 2019 aut
956 1957 1052 2037 plana
1067 1959 1143 2036 sint,
1162 1959 1241 2040 quid
1258 1959 1375 2020 mirum

203 2063 235 2125 in
264 2083 305 2126 eo
334 2064 431 2140 libro,
462 2065 569 2137 cuius,
600 2083 684 2146 quae
713 2074 803 2128 esset
827 2075 917 2127 recta
941 2064 1140 2128 emendandi
1164 2066 1261 2140 ratio,
1288 2064 1375 2127 idem

204 2168 255 2232 ille
286 2169 468 2233 Bechertus
504 2182 582 2252 post
613 2168 820 2234 Breiterum²
856 2170 1029 2235 luculentis
1061 2173 1184 2251 primus
1216 2171 1376 2251 exemplis

204 2277 457 2354 demonstravit,
488 2280 542 2360 qui
580 2279 671 2359 quod
700 2280 741 2341 ab
770 2280 934 2342 erroribus
963 2298 1031 2341 non
1062 2280 1197 2341 omnino
1229 2279 1376 2341 munitus

204 2381 265 2446 fuit
274 2379 297 2460 ⁸,
322 2394 511 2465 temporum
535 2387 661 2448 ratione
685 2385 778 2448 facile
801 2389 996 2449 excusaturl

294 2526 406 2608 Atque
427 2528 478 2590 his
500 2528 634 2610 quidem
656 2531 864 2610 temporibus
887 2548 1087 2612 quamquam
1106 2527 1194 2590 haud
1211 2528 1256 2589 ita
1271 2547 1378 2608 pauca

205 2635 291 2696 viros
313 2634 442 2710 doctos
464 2636 521 2717 qui
542 2635 574 2698 in
595 2636 692 2698 huius
716 2647 837 2717 poetae
855 2637 962 2698 verbis
984 2643 1035 2698 sat
1051 2654 1151 2716 saepe
1167 2635 1378 2715 perobscuris

206 2741 256 2803 vel
285 2742 540 2822 interpretandis
565 2742 615 2804 vel
640 2743 844 2825 corrigendis
869 2761 1005 2823 operam
1028 2751 1225 2823 posuerunt,
1251 2742 1377 2822 optime

206 2849 401 2911 emendasse
425 2868 525 2911 nemo
550 2849 752 2926 infitiabitur‚
777 2860 888 2912 tamen
912 2869 979 2912 non
1003 2850 1083 2911 satis
1107 2848 1282 2929 explorato
1299 2848 1378 2910 artis

205 2953 394 3037 laborisque
427 2959 520 3038 quasi
545 2955 764 3020 fundamento
788 2993 829 3002 -
855 2956 998 3019 fontium
1022 2957 1190 3031 nimirum,
1215 2975 1233 3017 e
1258 2957 1378 3036 quibus

206 3081 298 3124 suam
330 3061 438 3124 hausit
469 3061 677 3125 doctrinam⁴
708 3073 743 3125 et
770 3065 899 3146 generis
928 3064 1059 3126 dicendi
1068 3059 1091 3139 ⁶,
1123 3081 1189 3143 quo
1213 3081 1291 3125 usus
1315 3071 1377 3135 est,

206 3188 321 3249 parum
347 3170 474 3232 ratione
495 3171 607 3233 habita
622 3206 665 3216 —
681 3171 751 3232 fieri
773 3189 840 3233 non
862 3172 981 3251 potuit,
1003 3171 1082 3251 quin
1103 3170 1145 3232 ad
1165 3168 1279 3230 salsam
1296 3187 1380 3231 non·

206 3294 386 3357 numquam
408 3277 598 3357 opinionem
618 3277 807 3339 laberentur
824 3288 857 3339 et
873 3288 983 3340 certae
999 3259 1071 3338 v'iae
1087 3275 1293 3357 ignoratione
1309 3273 1379 3336 lon-

206 3383 278 3465 gius
306 3402 325 3443 a
348 3383 414 3445 fine
437 3384 637 3451 aberrarent.
686 3384 800 3466 ltaque
824 3383 948 3446 factum
972 3394 1037 3458 est,
1063 3392 1099 3444 ut
1123 3401 1210 3444 nunc
1235 3381 1378 3443 maxime

207 3489 293 3551 haud
318 3490 363 3551 ita
387 3510 460 3552 raro
483 3509 581 3552 suum
596 3490 731 3553 Manilio
755 3491 893 3556 reddere
918 3499 1070 3571 oporteat
1095 3499 1127 3550 et
1149 3489 1251 3568 ipsius
1271 3488 1379 3550 verbis

208 3597 366 3658 restitutis
389 3607 422 3659 et
443 3597 572 3660 reiectis
594 3617 709 3660 eorum
730 3599 906 3674 erroribus,
929 3614 1070 3678 quorum
1090 3595 1264 3674 opiniones
1288 3594 1378 3656 dictu

207 3703 318 3782 potius
343 3703 514 3784 speciosae
540 3723 638 3785 quam
662 3724 758 3767 verae
782 3705 935 3767 videntur
958 3723 1031 3765 esse
1044 3697 1065 3764 ⁶.

298 3843 399 3925 Quod
420 3846 582 3926 exemplis
606 3867 650 3909 ex
670 3845 753 3909 libro
774 3848 816 3909 ab
832 3847 1040 3922 Housmam,
1062 3843 1294 3906 Britannorum
1310 3843 1381 3905 viro

208 3951 414 4028 doctissimo,
436 3971 541 4033 nuper
557 3951 672 4016 edit0⁷
689 3954 836 4033 repetitis
854 3970 941 4015 nunc
958 3952 1234 4032 comprobaturus
1250 3969 1333 4014 sum.

520 4077 633 4158 Atque
659 4079 691 4139 in
715 4077 861 4139 medium
885 4077 1067 4156 procedant

208 4199 498 4280 Μ00517579,
526 4202 600 4280 785,
624 4215 700 4278 410,
727 4212 800 4281 779,
828 4200 902 4279 786,
928 4212 1002 4280 790,
1029 4212 1101 4280 750.
