3166 5048
680 356 899 416 ,31-

292 553 377 617 Nes
385 554 542 615 andum
583 553 679 634 igitur
719 572 897 632 possumus
933 554 1104 614 vociferari
1139 552 1372 627 Hannibalem,

203 661 443 726 Hasdrubalem
474 679 540 721 non
571 661 660 722 item.
709 657 769 721 Cui
801 670 916 721 contra
947 661 1048 722 fuisse
1081 679 1175 722 come
1207 661 1373 741 ingenium

203 770 334 831 scimus,
381 767 551 829 Laudatur
581 768 669 827 enim
695 768 764 828 eius
788 766 973 828 humanitas
1001 777 1100 846 atque
1124 767 1284 842 facundia,
1310 786 1374 846 qua

204 877 369 955 Hispanos
401 875 505 955 magis
530 893 629 954 quarn
660 872 745 934 bello
770 873 935 953 armisque
968 874 1029 934 sibi
1061 874 1292 936 conciliaverit.
1318 871 1329 956 (
1351 872 1373 936 f.

204 986 291 1062 App.
316 981 390 1044 bell.
413 980 508 1060 Hisp.
533 979 599 1046 c.6
629 991 683 1064 τῆς
707 975 839 1065 Ἰβηρίας
868 983 906 1042 τὰ
935 980 1037 1043 πολλὰ
1061 981 1168 1044 πειθοῖ
1193 981 1373 1065 προςήγετο,

201 1088 335 1165 πιθανὸς
366 1090 409 1153 ὢν
439 1088 594 1172 ὁμιλῆσαι.
642 1087 813 1149 Praeterea
844 1087 1017 1149 adeundus
1049 1098 1100 1149 est
1130 1087 1202 1148 Liv.
1228 1086 1306 1148 XXI
1338 1104 1373 1162 2;

149 1254 152 1258 i
201 1197 316 1276 Polyb.
333 1195 359 1257 ll
377 1192 441 1279 36).
475 1194 593 1274 Neque
609 1193 707 1256 ullam
729 1196 760 1255 in
778 1193 868 1256 ltalia
888 1195 930 1255 ab
947 1193 1154 1256 Hasdrubale
1175 1203 1374 1273 acceperunt

204 1303 331 1365 cladem
355 1301 505 1380 Romani,
530 1301 585 1381 qui
609 1301 793 1362 diutissime
819 1300 1038 1362 Hannibalem
1061 1300 1171 1362 ltaliae
1195 1301 1374 1363 visceribus

204 1410 426 1471 inhaerentem
444 1417 477 1470 et
498 1407 609 1470 omnia
625 1407 712 1469 ferro
730 1408 861 1488 ignique
878 1417 1064 1469 vastantem
1081 1408 1240 1470 viderunt.
1266 1408 1374 1469 donec

203 1518 245 1579 ad
268 1519 392 1597 patriae
416 1517 544 1578 ruinam
568 1514 743 1576 arcendam
761 1513 793 1577 Ρ,
808 1513 919 1594 Scipio
943 1534 1109 1577 armorum
1126 1534 1282 1577 successu
1298 1534 1374 1575 eum

202 1625 362 1691 avocavit.
414 1623 508 1686 Unus
543 1620 641 1684 Silius
676 1621 823 1697 Italicus,
865 1622 1034 1684 communi
1068 1621 1294 1684 Rornanorum
1333 1622 1374 1683 de

202 1730 320 1792 Poenis
345 1730 466 1790 iudicio
491 1748 579 1804 usus,
608 1728 824 1790 Hasdrubalis
849 1729 994 1791 indolem
1019 1729 1201 1810 depingens
1226 1729 1375 1791 diversus

203 1838 334 1898 videtur
363 1836 472 1896 abisse
501 1855 520 1895 a
545 1837 661 1896 ceteris
686 1835 861 1910 historicis,
893 1847 928 1896 ut
953 1835 965 1896 l
987 1850 1046 1914 147
1064 1855 1113 1916 sq.
1131 1856 1209 1898 vero
1233 1837 1375 1898 atrocius

205 1944 275 2004 eius
299 1943 464 2023 ingenium
495 1961 694 2021 expressum
724 1943 915 2008 habeamus.
963 1940 1062 2020 Quod
1094 1963 1161 2004 non
1193 1943 1308 2004 iniuria
1332 1944 1376 2004 ita

202 2048 374 2110 Ernestius
406 2047 570 2126 explicare
594 2049 732 2124 videtur,
769 2059 804 2110 ut
836 2049 958 2124 Silium,
995 2061 1031 2110 ut
1064 2061 1198 2129 poetam
1230 2069 1372 2129 eumque

204 2175 320 2217 scenas
362 2155 523 2217 tristiores
559 2157 790 2237 gravioresque
826 2158 968 2217 maxime
1005 2156 1276 2235 amplectentem,
1312 2156 1375 2218 hoc

205 2263 267 2323 sibi
290 2262 440 2323 licentiae
464 2263 645 2341 sumpsisse
677 2262 775 2335 dicat,
805 2273 841 2324 ut
866 2282 908 2323 ex
931 2263 1066 2324 historia
1090 2262 1199 2324 mallet
1223 2263 1377 2345 ambigua

205 2368 357 2429 vitiorum
382 2367 598 2430 Hasdrubalis
629 2369 830 2430 documenta
862 2369 1014 2452 colligere
1046 2388 1143 2448 quam
1168 2370 1377 2448 expressiora

205 2476 361 2537 virtutum
385 2476 455 2536 eius
478 2476 670 2536 testimonia
693 2477 797 2555 sequi.
823 2513 864 2521 -

720 2760 747 2824 1.
773 2772 860 2842 750.

364 2920 435 2981 Nec
459 2920 537 2981 mihi
561 2921 696 2983 celanda
705 2920 733 2959 ⁶⁶
757 2934 808 2984 est
832 2924 939 2984 lamae
963 2923 1093 3004 vulgata
1116 2932 1264 2984 vetustas

364 3023 545 3090 Mollior⁶⁷z
582 3048 600 3089 e
623 3029 721 3089 niveo
745 3027 838 3090 lactis
863 3028 997 3090 fluxisse
1022 3028 1183 3108 liquorem

364 3133 503 3195 Pectore
527 3136 658 3215 reginae
683 3134 795 3197 divum
819 3135 1014 3216 caelumque
1038 3136 1148 3198 colore

364 3239 522 3303 Iniecisse
546 3261 616 3306 suo,

293 3397 360 3459 lam
391 3398 540 3462 Bentleio
572 3403 681 3475 verba,
714 3421 798 3482 quae
829 3404 953 3465 invenit
984 3405 1017 3464 in
1048 3403 1229 3478 codicibus,
1259 3403 1376 3463 merito

205 3507 284 3566 mira
309 3509 377 3567 visa
401 3518 488 3572 sunt.
531 3505 620 3585 Quid
644 3509 742 3585 enim,
767 3510 883 3589 inquit,
908 3520 959 3572 est
986 3519 1181 3572 vetustas
1209 3509 1377 3590 vulgata

206 3607 359 3672 lamae?
395 3613 474 3692 quid
499 3613 667 3675 mollior
691 3618 900 3678 vetustasl
936 3615 1028 3678 Haec
1049 3626 1197 3678 monstra
1219 3626 1295 3678 sunt
1315 3635 1377 3677 nec

206 3715 259 3778 ulli
282 3728 401 3797 poetae
426 3720 652 3787 adscribenda.

292 3840 342 3904 De
363 3843 471 3905 verbis
493 3855 616 3921 autern,
641 3866 724 3926 quae
747 3857 825 3909 sunt
849 3846 938 3908 ‹Nec
957 3848 1024 3909 mili
1044 3846 1180 3909 calanda
1199 3858 1284 3921 est»,
1306 3848 1376 3927 qui-

203 3945 265 4007 bus
289 3948 366 4009 nihil
391 3949 478 4011 aliud
502 3951 677 4031 significari
702 3953 841 4014 arbitror
868 3973 922 4014 ac:
949 3972 1015 4015 non
1036 3955 1114 4015 mihi
1135 3956 1376 4034 praetereunda

202 4053 271 4127 sive
295 4057 480 4117 omittenda
503 4057 633 4120 videtur
657 4079 740 4135 esse,
765 4061 861 4121 nimis
891 4080 1015 4137 severe,
1040 4064 1072 4123 ni
1096 4060 1200 4138 fallor,
1218 4063 1375 4124 iudicavit

202 4160 425 4236 Housmanus‚
452 4165 507 4243 qui
532 4167 573 4226 ad
598 4185 636 4226 ea
660 4176 814 4229 annotat:
840 4165 934 4246 Quae
958 4170 1045 4231 enim
1071 4169 1201 4249 vulgata
1224 4178 1312 4243 sunt,
1337 4189 1376 4229 ea
