3166 5048
626 368 846 434 ..27-

240 571 353 652 Atque
385 572 484 632 etiam
515 572 545 631 in
578 590 617 632 ea
647 580 754 650 parte,
786 590 870 651 quae
901 571 1062 651 sequitur,
1092 569 1205 630 Livius
1230 569 1324 631 ducis

153 687 316 740 mortem
340 678 390 740 bis
414 688 672 739 commemorat:
699 677 749 738 vel
774 679 867 740 ducis
894 677 943 739 vel
968 677 1135 739 exercitus
1159 676 1324 737 interitu

80 781 82 785 ’
154 833 250 851 .....
276 785 346 846 sine
371 794 489 845 certo
514 784 627 847 duce.

245 927 401 1006 Polybius
423 935 534 988 autem
556 924 614 1010 (XI
629 923 660 1010 2)
682 927 818 989 tradidit
834 926 1086 1000 Hasdrubalem,
1110 927 1166 1006 qui
1185 935 1218 987 et
1238 944 1325 986 sem-

153 1053 211 1114 per
241 1045 318 1096 ante
349 1053 425 1095 eum
456 1033 544 1095 diem
571 1043 605 1095 et
629 1053 670 1095 eo
695 1035 838 1095 maxime
862 1045 1027 1113 tempore,
1057 1033 1148 1113 quod
1172 1031 1323 1094 ultimum

71 1127 82 1144 Χ
153 1141 183 1203 ei
213 1139 344 1216 luisset,
376 1141 480 1201 virum
511 1159 547 1201 se
578 1142 769 1218 praebuisse
795 1151 979 1211 strenuum,
1013 1141 1044 1201 in
1069 1142 1142 1219 ipso
1167 1137 1325 1201 conflictu

154 1247 279 1308 vitam
306 1246 318 1306 l
325 1247 503 1308 inivisse
525 1245 571 1328 (ἐν
591 1256 703 1331 χειρῶν
724 1247 806 1332 νόμῳ
828 1247 1020 1331 κατέστρεψε
1040 1250 1091 1312 τὸν
1112 1244 1201 1332 βίον).
1230 1247 1326 1308 Prae-

155 1363 245 1415 terea
267 1353 508 1415 Hasdrubalem
539 1352 589 1414 ille
615 1354 757 1415 narravit
790 1351 832 1437 (c.
860 1350 901 1436 3),
934 1354 1013 1415 dum
1038 1355 1067 1414 ei
1092 1353 1225 1433 quidem
1249 1371 1327 1432 pro-

156 1459 271 1522 babilis
300 1480 377 1540 spes
408 1459 522 1540 aliqua·
539 1459 769 1538 superfuisset,
794 1479 894 1539 posse
918 1459 1040 1540 aliquid
1065 1480 1100 1521 se
1125 1460 1223 1520 rebus
1247 1469 1323 1521 ante

154 1568 255 1648 gestis
287 1568 422 1649 dignum
454 1565 600 1642 efficere,
632 1566 710 1628 nihil
741 1569 906 1647 antiquius
937 1568 970 1629 in
1001 1567 1163 1629 obeundis
1188 1565 1326 1646 'proeliis

154 1673 306 1735 habuisse
337 1675 489 1753 propriae
520 1673 633 1735 salutis
665 1675 936 1736 conservatione:
969 1675 1025 1736 ubi
1057 1693 1134 1734 vero
1164 1673 1325 1735 nudatum

153 1782 243 1842 omni
267 1799 326 1859 spe
352 1782 384 1841 in
408 1774 580 1859 posterum
604 1780 735 1843 fortuna
766 1783 808 1842 ad
832 1782 927 1843 huius
952 1782 1111 1861 postremi
1136 1780 1326 1842 certaminis

154 1889 384 1949 necessitatem
412 1888 593 1968 adegisset,
623 1890 685 1950 etsi
709 1888 786 1949 nihil
810 1899 898 1950 esset
922 1890 964 1950 ab
990 1908 1029 1949 eo
1053 1889 1323 1967 praetermissum

155 2012 264 2074 neque
288 1994 321 2055 in
344 1996 557 2074 apparatibus
581 2014 689 2074 neque
714 1995 746 2056 in
768 1997 840 2074 ipso
862 1995 1026 2070 conflictu,
1052 1994 1143 2074 quod
1162 1995 1203 2055 ad
1224 1995 1327 2055 victo·

155 2100 234 2160 riam
269 2100 539 2180 consequendam
575 2100 713 2177 faceret,
747 2121 814 2163 non
848 2106 954 2163 minus
987 2114 1098 2163 tamen
1130 2101 1325 2162 meditatum

160 2207 270 2282 luisse,
295 2208 322 2270 si
345 2209 429 2270 lorte
454 2209 486 2269 in
510 2209 681 2270 universae
706 2211 750 2270 rei
774 2208 923 2271 fraudem
947 2208 1118 2282 laberetur,
1144 2227 1211 2288 quo
1228 2219 1329 2286 pacto

156 2331 231 2373 cum
255 2313 392 2375 adversa
417 2315 549 2376 fortuna
573 2316 617 2376 ita
641 2317 907 2396 congrederetur,
933 2325 969 2378 ut
992 2327 1068 2376 ante
1093 2325 1201 2376 actam
1226 2315 1325 2375 vitam

156 2419 245 2480 nullo
269 2418 413 2482 facinore
440 2441 475 2483 se
499 2422 633 2502 indigno
658 2422 901 2486 dehonestaret.

244 2564 357 2643 Atque
381 2563 525 2625 Zonaras
549 2564 631 2642 lX9
654 2562 730 2648 (433
757 2566 808 2626 ed.
833 2561 965 2648 Pinder)
995 2564 1077 2625 haec
1108 2563 1202 2624 dicit:
1235 2561 1329 2645 <phei-

154 2670 259 2752 ραντές
290 2691 323 2734 τε
353 2670 468 2747 ἄλλους
491 2671 626 2747 πολλοὺς
650 2673 703 2734 καὶ
726 2674 778 2736 τὸν
801 2669 1031 2756 Ἀσδρούβαν
1135 2671 1247 2746 ἱκανῶς
1271 2673 1328 2754 τὴν

154 2775 333 2861 Καννησίδα
357 2780 515 2862 συμφορὰν
539 2777 735 2862 ἀνειληφέναι
759 2775 943 2863 ἐνὸμισαν.59

245 2935 311 2997 lam
342 2957 420 2999 vero
450 2957 548 3018 quam
573 2938 688 3000 flebilis
712 2940 779 3001 suis
810 2939 1025 3001 occiderit
1049 2938 1250 3013 Hasdrubal,
1283 2957 1328 2999 ex

156 3062 196 3102 eo
228 3043 301 3122 ipso
333 3043 545 3126 intellegitur,
579 3047 668 3124 quod
692 3045 911 3108 Hannibalem
938 3047 1087 3126 proiecto
1117 3057 1193 3107 ante
1219 3056 1327 3106 castra
1355 3074 1357 3077 ·

156 3147 262 3210 lratris
286 3151 394 3230 capite
414 3170 596 3232 agnoscere
616 3172 651 3214 se
672 3151 884 3214 fortunam
905 3150 1177 3234 Carthaginis
1202 3151 1326 3214 dixisse

155 3266 270 3317 auctor
294 3268 344 3319 est
370 3257 481 3320 Livius
505 3256 644 3342 (XXVII
660 3256 730 3343 51):
756 3281 799 3321 ex
824 3255 976 3320 nec'ato
1001 3261 1097 3341 igitur
1119 3259 1327 3320 Hasdrubale

155 3364 256 3424 totius
281 3365 480 3443 reipublicae
505 3364 823 3447 Carthaginiensium
847 3366 1015 3446 pendebat
1039 3366 1145 3428 salus!

244 3507 428 3569 Metaurum
453 3528 551 3587 porro
576 3509 708 3585 flumen,
733 3511 788 3571 ubi
813 3509 998 3571 Hasdrubal
1024 3520 1056 3569 et
1082 3510 1187 3570 victus
1212 3518 1245 3569 et
1269 3508 1328 3569 ob-

156 3625 326 3676 truncatus
346 3626 445 3690 esset,
470 3617 564 3696 quasi
581 3615 844 3678 Trasumennum
865 3615 970 3677 lacum
988 3615 1106 3676 Poenis
1127 3614 1228 3677 fuisse
1248 3615 1327 3676 dicit

157 3718 294 3782 Orosius
332 3717 419 3804 (adv.
444 3741 518 3803 pag.
544 3723 596 3787 ed.
624 3723 885 3804 Zangemeister,
915 3722 1059 3783 Vindob.
1093 3723 1190 3796 1882,
1217 3721 1329 3796 11118,

157 3847 187 3906 p.
208 3824 293 3911 256).

245 3970 359 4051 ltaque
390 3990 465 4032 cum
496 3971 661 4033 trucidato
686 3969 892 4031 Hasdrubale
923 3979 1049 4030 tantam
1081 3987 1189 4029 rerum
1222 3977 1331 4029 muta·

159 4078 282 4138 tionem
309 4077 428 4139 laetam
453 4097 527 4138 esse
552 4079 731 4152 videamus,
756 4096 866 4138 nonne
890 4077 1059 4155 aptissime
1083 4073 1234 4136 Manilius
1258 4093 1328 4136 ne-

157 4185 240 4245 cati
265 4183 358 4245 ducis
383 4185 586 4245 mentionem
610 4185 728 4245 secisse
752 4184 918 4262 putandus
942 4183 1016 4245 est?
