3166 5048
624 326 843 394 ..47..

577 543 730 622 lienum
751 542 902 622 index.

150 709 182 760 A.
202 706 333 760 Exordia
346 704 438 772 prima
449 720 465 757 a
476 702 611 757 Becherti
624 709 654 756 et
664 702 825 756 Housmani
836 702 1062 756 Astronomicon
1073 701 1249 754 editionibus
1266 764 1268 768 Ι

202 802 354 849 sumuntur
399 832 848 846 ...........
888 806 893 817 ’
932 829 1248 844 ........
1305 802 1318 856 5

150 903 180 956 Β.
199 901 358 956 Tractatio.
1346 976 1347 979 Ἰ

197 991 217 1044 l.
236 992 267 1043 ln
287 991 386 1057 priore
406 987 614 1056 disputationis
633 995 717 1055 parte
753 1028 1203 1040 ...........
1251 987 1321 1038 6-8

241 1096 262 1132 1.
282 1080 399 1133 laudato
420 1080 591 1132 Housmano
619 1115 1248 1130 ...............
1304 1078 1321 1127 6

239 1185 263 1222 2.
283 1169 394 1222 reiecta
412 1166 653 1237 Kleinguentheri
671 1166 842 1219 coniectura
860 1167 955 1236 agitur
973 1165 1010 1218 de
1029 1183 1075 1218 vv.
1095 1165 1107 1216 Ι
1127 1180 1198 1233 7sq.
1244 1205 1249 1216 .
1306 1177 1321 1228 7

185 1258 219 1311 ΙΙ.
239 1258 338 1311 Altera
356 1264 440 1325 parte
464 1263 568 1309 contra
588 1256 789 1308 Housmanum
814 1261 959 1324 pugnatur
979 1260 1067 1322 atque
1089 1259 1252 1306 tractantur

239 1347 323 1415 primi
342 1345 570 1399 Astronomicon
590 1344 653 1396 libri
672 1343 701 1396 hi
720 1359 837 1397 versus:

257 1451 289 1504 25
311 1466 1251 1490 ......................
1306 1433 1425 1482 8.

257 1541 291 1592 79
311 1560 1250 1579 ......................
1292 1535 1323 1572 ιο

241 1617 291 1682 385
314 1653 540 1667 ......
548 1645 550 1648 >
580 1649 1251 1667 .................
1293 1625 1321 1661 12

240 1720 291 1766 410
312 1739 1251 1757 ......................
1293 1714 1323 1762 13

240 1795 292 1857 786
312 1830 673 1845 .........
714 1833 716 1836 -
758 1829 1250 1841 ............
1293 1805 1323 1849 14

241 1895 292 1946 779
312 1920 807 1934 ···········
847 1919 850 1926 -
891 1918 1251 1932 .........
1293 1894 1324 1942 19

239 1986 291 2035 790
312 2007 1251 2023 ......................
1289 1983 1324 2019 20

240 2072 293 2126 750
314 2096 1251 2111 ······················
1291 2072 1320 2121 3¹

204 2147 327 2201 immissi
345 2147 532 2201 inveniuntur
550 2154 746 2200 tractatus
1132 2178 1134 2182 ι

244 2253 264 2289 1.
285 2237 322 2288 de
341 2236 463 2289 vocibus
487 2236 563 2289 intra
588 2250 748 2303 paucorum
772 2236 833 2288 sive
852 2234 1009 2288 verborum
1032 2235 1093 2288 sive
1116 2249 1253 2287 versuum

284 2325 423 2378 ambitum
442 2325 585 2378 iteratis.
625 2365 629 2374 .
669 2364 690 2381 .,
713 2362 1250 2377 .............
1290 2339 1325 2375 2ο

239 2429 265 2468 2.
284 2415 322 2468 de
342 2422 447 2467 necato
467 2415 505 2468 ad
524 2414 689 2473 Metaurum
709 2414 814 2467 flumen
835 2413 1016 2467 Hasdrubale
1070 2451 1253 2467 .....
1291 2417 1325 2466 26

241 2519 265 2569 3.
285 2504 323 2557 de
342 2503 465 2571 Papirio
483 2503 583 2573 Pyrrhi
602 2504 706 2566 ultore,
722 2504 800 2570 apud
820 2503 975 2556 historicos
994 2509 1224 2556 commemorato
1248 2541 1253 2554 .
1290 2517 1304 2553 r
1310 2514 1324 2567 5

241 2610 265 2654 4.
285 2593 323 2645 de
344 2592 507 2646 Hannibale
527 2599 557 2645 et
579 2591 762 2646 Hasdrubale
784 2592 885 2660 quales
904 2591 1107 2646 describantur
1124 2608 1141 2645 a
1160 2591 1256 2658 poetis

271 2682 395 2734 -Latinis
445 2720 1253 2736 ...................
1291 2696 1325 2745 29

241 2784 265 2837 5.
284 2770 322 2823 de
342 2770 521 2837 pronominis
541 2770 654 2824 relativi
674 2770 702 2823 vi
721 2777 809 2838 atque
828 2786 882 2823 usu
893 2807 1254 2824 .........
1310 2784 1326 2833 9

241 2861 265 2911 6.
285 2861 321 2911 de
341 2858 447 2911 Manilii
472 2858 584 2928 origine
604 2865 634 2910 et
653 2859 770 2928 ingenio
795 2865 883 2927 atque
903 2859 940 2911 de
960 2859 1087 2912 carmine
1109 2859 1171 2911 eius
1190 2873 1255 2925 per·

288 2946 368 3001 lecto
404 2986 1255 3001 ....................
1296 2961 1326 3010 19

208 3035 469 3090 Coniecturae
488 3044 694 3104 proponuntur
712 3037 788 3090 duae
804 3076 1210 3090 ..........
1260 3038 1284 3098 8,
1294 3052 1325 3100 32

155 3141 186 3196 C.
206 3142 238 3194 ln
257 3142 314 3196 fine
333 3150 403 3196 vota
421 3143 493 3196 fiunt
513 3159 567 3211 pro
588 3143 694 3197 Manilii
713 3143 921 3201 incolumitate.

151 3231 184 3283 In
208 3232 436 3299 Appendice
461 3239 624 3286 tractantur
643 3232 735 3285 haece
754 3246 815 3285 res:

245 3336 266 3374 1.
286 3319 331 3373 de
360 3320 507 3373 Manilii
537 3328 679 3388 poetae
707 3321 786 3374 vita
814 3336 848 3374 ac
875 3329 969 3377 morte
997 3322 1068 3391 quid
1095 3322 1148 3375 viri
1176 3321 1257 3375 docti

287 3409 469 3462 coniecerint
488 3417 577 3478 atque
597 3410 634 3463 de
654 3411 819 3464 coniciendi
838 3411 884 3465 via
904 3426 938 3464 ac
958 3412 1071 3465 ratione
1118 3451 1124 3464 .
1162 3453 1168 3465 .
1206 3451 1212 3464 .
1251 3451 1256 3462 .
1295 3426 1327 3474 34

242 3513 266 3550 2.
287 3497 325 3550 de
348 3498 493 3551 divinis
517 3498 748 3563 bonoribus,
768 3500 873 3568 quibus
892 3515 959 3553 cum
978 3500 1026 3555 alii
1044 3501 1176 3554 homines
1195 3508 1257 3553 tum

287 3586 485 3642 Romanorum
506 3588 697 3655 imperatores
723 3587 820 3642 affecti
843 3595 918 3651 sunt,
940 3589 1016 3643 inter
1038 3605 1114 3658 quos
1132 3590 1258 3642 maxime

288 3675 436 3746 Augustus
457 3676 584 3740 effertur,
603 3684 691 3746 atque
710 3678 748 3731 de
767 3677 836 3734 solis
855 3677 1018 3749 siderisque
1036 3678 1167 3744 vocibus,
1182 3694 1258 3747 quae

287 3764 316 3816 in
335 3765 603 3832 comparationibus
624 3766 798 3820 adhibentur
852 3805 1257 3821 ..........
1295 3781 1327 3834 35

154 3851 376 3920 Explicationes
396 3861 485 3923 atque
504 3863 593 3908 notae
630 3894 1256 3909 ...............
1294 3872 1329 3917 40
