3166 5048
714 400 932 447 -10-

239 599 339 665 situm
369 599 552 678 parandum
584 601 626 661 ab
650 600 789 662 exordio
819 599 862 661 ad
886 600 1131 679 expositionem
1160 610 1261 681 atque
1284 603 1326 664 ab
1351 624 1409 665 ex-

239 706 405 785 positione
435 706 476 767 ad
507 707 667 768 rationem
676 703 704 742 ²4
735 725 833 786 quam
864 716 984 767 vocant
1014 706 1195 786 logicorum
1226 708 1330 786 periti,
1356 709 1409 770 cui

240 823 290 875 est
321 813 491 892 ignotum?
527 848 561 857 -
596 811 713 893 Neque
745 813 843 894 igitur
873 812 1009 875 dubium
1043 825 1108 888 est,
1140 815 1219 894 quin
1253 812 1334 876 falsa
1367 816 1410 876 sit

240 917 423 979 Housmani
448 920 647 985 coniectura.

745 1149 818 1231 179
845 1166 902 1231 sq·

346 1309 413 1374 Sed
437 1331 513 1373 cum
536 1310 635 1393 longa
659 1311 729 1373 dies
753 1312 841 1373 acuit
865 1309 1015 1372 mortalia
1038 1311 1139 1372 corda

329 1416 389 1478 ·Et
412 1416 505 1480 labor
528 1417 695 1499 ingenium
719 1418 846 1479 miseris
870 1415 973 1492 dedit,
998 1427 1031 1478 et
1055 1436 1113 1478 sua
1138 1435 1305 1496 quemque

345 1522 532 1606 Advigilare
556 1525 618 1587 sibi
642 1526 735 1586 iussit
759 1526 890 1586 fortuna
915 1523 1108 1603 premendo,

347 1629 493 1693 Seducta
518 1631 549 1692 in
574 1633 678 1693 varias
702 1640 867 1692 certarunt
892 1638 1027 1709 pectora
1051 1649 1162 1705 curas;

346 1735 389 1798 Et
413 1738 647 1818 quodcumque
671 1756 773 1818 sagax
797 1738 993 1816 temptando
1017 1737 1161 1815 repperit
1185 1756 1275 1812 usuS,

347 1843 381 1905 ln
406 1862 582 1905 commune
606 1845 730 1906 bonum
757 1853 983 1905 commentum
1007 1842 1091 1904 laeta
1115 1842 1288 1908 dederunt.

187 2020 189 2024 ν
240 1985 336 2048 Doch
362 1985 408 2048 als
432 1983 513 2048 Sinn
538 1985 605 2047 und
630 1985 796 2047 Verstand
822 1986 892 2047 sich
915 1983 1081 2047 scharften
1106 1985 1149 2045 im
1174 1983 1279 2047 Laule
1304 1985 1363 2047 der

1092 2091 1216 2167 Zeiten,

240 2216 438 2299 Zwingende
454 2215 522 2278 Not
539 2214 677 2278 Talente
694 2215 826 2290 verlieh,
851 2215 919 2277 und
935 2215 992 2277 der
1005 2214 1118 2298 Drang
1134 2215 1193 2276 des
1210 2214 1414 2278 Geschickes

238 2322 354 2404 Jedem
382 2344 421 2385 zu
445 2323 579 2385 wachen
607 2324 709 2404 gebot
737 2320 788 2383 fiir
811 2322 864 2383 die
889 2320 1076 2384 Wohlfabrt
1103 2322 1242 2401 eigenen
1267 2321 1411 2394 LebenS,

240 2428 385 2491 Wandte
410 2429 478 2490 sich
495 2427 702 2491 wetteifernd
725 2430 783 2491 der
799 2428 899 2491 Trieb
916 2450 955 2491 zu
972 2428 1241 2490 verschiedenem
1256 2428 1412 2506 Wirken;

240 2534 320 2597 Was
345 2535 429 2596 nach
454 2535 627 2597 manchem
648 2535 798 2597 Versuch
822 2536 953 2597 auffand
978 2536 1030 2597 die
1055 2536 1191 2617 gereilte
1215 2535 1412 2618 Erlahrung,

241 2641 401 2703 Brachten
418 2642 465 2704 sie
481 2641 609 2724 freudig
625 2643 736 2704 herbei
760 2644 827 2704 und
851 2644 958 2723 gaben
980 2663 1015 2704 es
1038 2643 1092 2703 hin
1109 2662 1183 2704 zum
1200 2641 1411 2724 Gemeingut.

1201 2747 1342 2814 (Merkel.)

330 2854 465 2934 Optime
499 2854 580 2917 haec
610 2853 772 2928 Manilius,
809 2856 855 2916 uti
891 2855 971 2917 satis
1005 2856 1112 2916 mirari
1147 2875 1322 2936 nequeam,
1357 2877 1414 2918 cur

242 2962 390 3023 mutandi
423 2961 534 3022 studio
568 2963 689 3042 arrepti
722 2963 808 3023 varia
840 2963 918 3023 varii
951 2965 1186 3042 proposuerint
1219 2965 1278 3026 viri
1311 2964 1413 3031 docti.

242 3067 442 3129 Laudandos
481 3068 578 3149 igitur
610 3069 750 3130 arbitror
787 3079 819 3128 et
849 3068 1009 3149 Jacobum
1042 3072 1075 3131 et
1106 3069 1290 3146 Freierum,
1323 3071 1413 3152 quod

241 3175 360 3236 tradita
395 3175 494 3235 verba
530 3175 561 3236 in
600 3195 676 3236 suas
713 3185 908 3255 receperunt
946 3176 1108 3238 editiones
1141 3176 1412 3245 Astronomicon.

241 3280 379 3357 Primus,
416 3282 526 3362 quoad
557 3281 668 3357 video,
700 3283 864 3360 Hauptius
893 3281 1057 3361 Jacobum
1086 3293 1176 3344 recte
1207 3285 1413 3365 acquievisse

242 3389 273 3448 in
302 3388 441 3450 molesta
464 3389 623 3468 postremi
647 3408 761 3450 versus
786 3389 934 3449 oratione
958 3389 1087 3451 videtur
1113 3410 1263 3472 negasse,
1289 3393 1321 3451 in
1347 3410 1415 3470 quo

241 3505 467 3557 commentum
491 3494 645 3556 inutiliter
668 3495 818 3557 additum
842 3506 946 3570 esset;
973 3495 1098 3558 Bentlei
1122 3496 1357 3558 emendatione

279 3717 284 3726 .
329 3637 364 3698 ln
389 3657 564 3699 commune
587 3657 711 3699 novum
735 3649 962 3699 commentum
986 3638 1070 3700 laeta
1095 3637 1258 3700 dederunt

242 3779 409 3841 meliorem
435 3779 503 3840 fieri
531 3781 729 3856 orationem,
759 3782 881 3841 bonam
905 3789 1005 3860 atque
1029 3779 1215 3860 elegantem
1239 3800 1305 3842 non
1333 3781 1413 3847 fieri.

242 3882 450 3966 Quamquam
481 3906 533 3962 ea,
565 3905 649 3966 quae
674 3888 805 3966 scripsit
829 3885 995 3948 Bentleius
1020 3897 1053 3948 et
1081 3888 1131 3947 «in
1156 3905 1351 3948 commune»
1380 3899 1414 3948 et

246 4012 385 4055 «novum
395 4003 639 4055 commentum»
656 3992 908 4055 aRomanorum
923 3992 1078 4072 loquendi
1092 3992 1332 4055 consuetudine
1345 4011 1414 4054 non

242 4098 416 4161 abhorrere
449 4099 620 4161 latendum
645 4111 708 4174 est,
734 4112 845 4161 tamen
872 4100 913 4161 de
938 4100 975 4160 iis
1001 4101 1124 4175 verbis,
1151 4119 1236 4180 quae
1259 4100 1414 4161 omnibus

242 4205 411 4267 codicibus
431 4217 602 4268 servantur
618 4215 717 4286 atque
735 4209 859 4286 optime
876 4213 1018 4286 possunt
1034 4206 1192 4286 explicari
1210 4257 1256 4273 ,..
1273 4208 1305 4268 in
1323 4225 1415 4268 com-
