3166 5048
677 383 898 444 ..26-

290 594 464 675 Exemplis
487 595 592 657 allatis
616 596 762 657 monitos
778 594 875 656 velim
900 614 969 669 eos,
991 595 1047 674 qui
1067 594 1178 656 dicant
1201 616 1244 656 ex
1266 599 1375 676 priore

203 722 299 764 versu
315 703 347 763 in
360 703 591 782 insequentem
604 701 745 782 aliquam
759 721 877 763 vocem
890 702 1060 780 irrepsisse
1073 703 1256 780 repetitam.
1281 702 1375 782 Quos

201 808 293 871 locos
310 811 336 871 si
354 810 425 889 quis
443 819 616 888 corruptos
633 829 707 871 esse
724 809 914 884 contendat,
933 828 1000 888 quo
1015 811 1151 871 ¹tandem
1168 811 1279 872 animo
1299 832 1377 874 eum

201 936 275 978 esse
292 916 466 996 putamus?
490 914 584 995 Quae
601 935 676 978 cum
693 917 738 977 ita
757 917 832 991 sint,
847 935 922 978 cum
939 917 1057 977 ceteris
1074 935 1189 978 versus
1205 916 1286 979 locis
1304 938 1376 980 eas-

203 1024 278 1084 dem
296 1043 395 1085 voces
414 1041 475 1084 nec
496 1043 569 1085 raro
586 1024 735 1085 eiusdem
752 1024 843 1084 vocis
867 1024 1015 1085 diversos
1037 1043 1132 1084 casus
1153 1043 1237 1103 quos
1255 1036 1376 1088 vocant

202 1131 415 1212 grammatici,
433 1131 621 1192 adhibuisse
647 1140 764 1209 poetas
782 1129 920 1192 Latinos
940 1139 1011 1192 tum
1032 1130 1224 1209 saepissime
1245 1133 1374 1194 duobus

203 1236 254 1298 vel
285 1236 432 1316 pluribus
463 1237 624 1311 versibus,
650 1239 707 1317 qui
731 1256 798 1298 non
823 1236 962 1299 multum
986 1237 1124 1311 distant,
1150 1237 1294 1298 eandem
1317 1239 1374 1321 im-

203 1346 354 1423 posuisse
380 1343 558 1405 clausulam
582 1344 654 1404 luce
678 1343 795 1405 clarius
820 1353 880 1405 est.
915 1343 1004 1406 Idem
1029 1343 1136 1404 facere
1160 1364 1218 1406 cur
1240 1344 1375 1406 Manilio

203 1469 270 1511 non
295 1449 431 1526 licuerit,
456 1451 512 1510 vix
529 1449 768 1531 intellegemus,
794 1452 986 1529 praesertim
1011 1451 1038 1512 si
1054 1451 1228 1513 nobiscum
1245 1464 1377 1532 reputa-

204 1558 345 1617 verimus
374 1576 615 1636 saepenumero
644 1556 781 1618 aliorum
805 1569 993 1637 poetarum,
1019 1559 1075 1636 qui
1099 1558 1242 1639 Augusti
1265 1567 1376 1621 aetate

203 1662 384 1724 floruerunt
418 1673 451 1724 et
485 1665 629 1726 maxime
660 1662 782 1726 Ovidio
817 1665 1092 1726 consuetudinem
1126 1664 1210 1726 illam
1241 1664 1373 1727 dicendi

204 1789 287 1850 quae
312 1771 479 1832 character
504 1770 632 1846 dicitur,
658 1773 820 1833 imitatum
846 1791 919 1834 esse
943 1782 1042 1851 atque
1067 1772 1166 1831 etiam
1190 1790 1248 1832 sua
1268 1771 1371 1850 ipsius

204 1878 306 1938 verba
341 1897 408 1938 non
444 1877 547 1938 semel
582 1880 790 1957 repetivisse,
825 1879 857 1940 id
891 1878 981 1958 quod
1016 1898 1114 1957 supra
1148 1878 1372 1957 exposuimus

204 1982 290 2044 Hinc
323 1996 387 2063 est,
420 1984 510 2063 quod
542 1985 679 2045 verbum
710 1986 852 2047 necati
875 1986 915 2060 vin
946 2004 1077 2046 versum
1103 1998 1168 2062 790
1192 1983 1310 2046 infitias
1334 2004 1374 2045 eo

204 2091 374 2170 irrepsisse
406 2111 449 2151 ex
480 2111 508 2156 v.
532 2093 606 2169 788.
631 2126 670 2135 -
702 2091 819 2171 Neque
843 2102 878 2152 ut
903 2090 1091 2166 foedius,
1116 2111 1246 2166 eccere,
1272 2092 1305 2153 id
1329 2093 1376 2152 in-

204 2216 334 2276 crepes
367 2217 465 2277 quarn
490 2197 550 2258 alia
574 2217 658 2278 quae
682 2200 835 2280 congessi
860 2198 1026 2277 exempla,
1057 2195 1167 2259 Ovidii
1191 2199 1376 2273 dumtaxat,

205 2323 271 2383 quo
304 2304 390 2365 haud
422 2305 490 2365 scio
522 2324 563 2364 an
596 2303 776 2385 elegantior
807 2305 1010 2367 versificator
1040 2324 1077 2365 ac
1102 2305 1254 2366 subtilior
1278 2314 1378 2384 poeta

205 2411 289 2471 inter
314 2409 485 2472 Romanos
517 2412 695 2485 exstiterit,
728 2413 775 2473 uti
799 2410 949 2473 Veneres
981 2430 1059 2472 sane
1090 2431 1206 2472 omnes
1238 2413 1269 2472 in
1302 2431 1378 2473 eum

206 2518 298 2596 quasi
324 2519 514 2578 coniurasse
538 2517 624 2578 haud
649 2518 763 2578 iniuria
788 2519 896 2597 possis
921 2518 1039 2580 dicere.

294 2694 344 2756 Ac
369 2715 410 2756 ne
436 2695 638 2757 stolidum
662 2696 795 2776 quidem
822 2715 895 2756 esse
920 2696 1037 2756 merito
1063 2696 1256 2757 contendas.

295 2854 427 2917 Etenim
451 2855 593 2931 evolvas,
619 2857 646 2917 si
670 2856 788 2935 placet,
814 2874 945 2916 mecum
966 2843 1196 2917 historicorum
1206 2852 1233 2891 ⁶⁸
1257 2856 1373 2942 libros:

206 2963 270 3022 iam
294 2963 335 3021 ab
360 2962 513 3023 omnibus
530 2960 608 3036 fere,
634 2964 689 3042 qui
715 2964 847 3042 quidem
873 2962 913 3023 de
939 2963 976 3022 iis
1001 2963 1099 3024 rebus
1121 2973 1229 3045 agant,
1254 2982 1378 3024 neca-

206 3078 290 3128 tum
327 3066 568 3129 Hasdrubalem
607 3069 733 3131 videbis
772 3079 1078 3130 commemoratum.
1134 3068 1251 3149 Neque
1289 3070 1378 3129 enim

207 3175 386 3254 quidquam
412 3175 444 3234 in
460 3173 601 3237 Senensi
625 3175 676 3236 illa
701 3196 813 3258 pugna
836 3177 929 3237 ducis
954 3185 1088 3236 morte
1112 3175 1231 3237 accidit
1247 3177 1378 3257 gravius

206 3292 261 3342 aut
286 3282 520 3361 perniciosius!

295 3460 491 3521 Rectissime
511 3461 607 3541 igitur
627 3461 697 3539 ipse
717 3460 931 3522 Housmanus
951 3460 1035 3521 Livii
1055 3457 1159 3542 (XXII
1180 3455 1254 3541 149)
1277 3460 1377 3519 verba

206 3569 364 3645 apposuit
389 3567 430 3628 ad
455 3589 483 3630 v.
504 3581 583 3644 790:
610 3569 801 3646 primusque
825 3568 857 3629 id
875 3567 1061 3628 Hasdrubal
1086 3567 1283 3641 instituerat,
1308 3566 1379 3627 dux

207 3692 281 3734 cum
312 3693 412 3752 saepe
436 3674 513 3735 alias
538 3673 759 3736 memorabilis
784 3683 854 3736 tum
878 3674 930 3734 illa
954 3675 1131 3753 praecipue
1155 3691 1275 3753 pugna.
1322 3671 1378 3733 llle

297 3780 465 3855 sustinuit,
498 3780 549 3841 ille
674 3801 761 3843 nunc
881 3781 1024 3855 accedit,
1057 3779 1107 3841 ille
1223 3779 1377 3844 restituit.

206 3886 379 3947 Postremo
401 3905 476 3948 cum
498 3887 584 3949 haud
604 3887 705 3949 dubia
725 3888 855 3949 fortuna
874 3886 1020 3948 hostium
1040 3896 1140 3962 esset,
1165 3905 1207 3947 ne
1231 3905 1379 3965 super-

206 4006 293 4054 stes
327 4003 420 4054 tanto
454 3996 613 4056 exercitui
645 4013 740 4056 suum
772 4013 893 4055 nomen
925 4003 1041 4055 secuto
1072 4004 1178 4069 esset,
1211 3993 1379 4054 concitato

206 4120 293 4180 equo
318 4120 353 4161 se
378 4102 410 4161 in
436 4100 606 4161 cohortem
622 4099 806 4162 Romanam
829 4101 974 4166 immisit.
1006 4100 1065 4176 lbi,
1087 4111 1123 4162 ut
1145 4110 1237 4180 patre
1255 4098 1380 4160 Hamil-

207 4226 280 4268 care
304 4218 336 4269 et
360 4207 545 4268 Hannibale
570 4206 668 4269 fratre
692 4209 829 4290 dignum
853 4219 932 4283 erat,
958 4227 1108 4288 pugnans
1133 4207 1290 4269 cecidit.
