3166 5048
676 340 894 403 „13..

732 534 845 614 1410.

840 686 909 746 tum
934 677 1052 740 nobilis
1076 677 1168 760 Argo

308 805 343 867 ln
368 803 493 865 caelum
517 802 681 864 subducta
705 802 794 875 mari,
820 801 911 882 quod
934 804 1038 882 prima
1063 805 1220 864 cucurrit:

307 911 490 972 Emeritum
514 886 641 988 magnis
666 907 825 968 mundum
848 916 941 968 tenet
964 919 1057 969 acta
1081 909 1267 987 periclis,

308 1016 479 1081 Servando
503 1016 566 1077 dea
590 1014 676 1076 facta
701 1015 793 1080 deos.

455 1139 567 1202 Dutch
591 1139 639 1201 ihr
655 1139 841 1222 Verdienst
858 1139 941 1201 auch
965 1151 1103 1223 pranget
1127 1142 1180 1202 die
1201 1140 1305 1224 Argo:

202 1266 350 1328 Nimmer
367 1265 494 1328 berthrt
511 1266 557 1326 sie
574 1266 633 1327 das
649 1264 749 1338 Meer‚
768 1265 826 1325 das
843 1266 929 1326 einst
947 1276 1055 1327 zuerst
1073 1266 1119 1326 sie
1137 1267 1374 1346 durchquerte;

202 1372 293 1454 Jetzo
318 1371 491 1437 schmiickt
510 1373 557 1433 sie
576 1372 641 1433 den
662 1370 815 1445 Himmel,
840 1373 905 1433 den
929 1373 1097 1434 schweren
1111 1371 1276 1434 Gefabren
1300 1383 1374 1434 ent-

1017 1499 1159 1540 ronnen:

203 1585 319 1649 Gdttin
335 1587 447 1648 wurde
463 1585 510 1646 sie
527 1585 639 1660 selbst,
657 1585 709 1646 die
727 1583 846 1647 Gotter
867 1605 906 1644 zu
923 1595 1029 1646 retten
1051 1587 1220 1648 bestimrnt
1237 1607 1311 1653 war,
1329 1621 1371 1631 -

292 1729 365 1790 Hoc
389 1728 464 1789 loco
495 1729 605 1789 omnia
629 1729 713 1788 bene
744 1747 779 1788 se
808 1727 928 1788 habere
960 1727 1053 1789 facile
1085 1727 1160 1789 licet
1192 1728 1371 1810 intellegas.

203 1836 314 1917 Atque
338 1837 370 1896 ni
390 1833 555 1896 Bentleius
576 1835 700 1913 primus
726 1853 801 1895 cum
824 1832 893 1895 aliis
917 1834 1166 1897 difficultatibus
1191 1844 1261 1897 tum
1286 1835 1376 1898 locu-

204 1944 293 2005 tione
310 1942 360 2003 illa
381 1944 450 2022 »agi
466 1941 636 2021 periculis«
657 1941 803 2002 offensus
820 1952 918 2015 esset,
944 1961 1042 2002 nemo
1059 1941 1200 2003 fortasse
1217 1962 1375 2022 umquam

204 2050 288 2110 hunc
313 2067 441 2109 versum
473 2056 644 2109 mutasset.
691 2045 735 2107 Et
763 2047 912 2126 quamvis
943 2047 1021 2108 mihi
1045 2048 1229 2109 timendum
1255 2049 1307 2124 sit,
1333 2068 1374 2109 ne

204 2155 416 2217 Housmanus
441 2174 540 2234 prava
564 2174 616 2216 me
640 2154 761 2215 sentire
786 2165 892 2234 neget,
918 2165 1028 2215 tamen
1053 2157 1097 2216 ita
1120 2155 1206 2216 hunc
1222 2155 1332 2217 locum
1355 2177 1374 2216 a

205 2262 337 2324 Manilio
366 2262 524 2341 seriptum
555 2281 629 2322 esse
660 2240 845 2335 contend0,
876 2271 912 2322 ut
943 2262 1082 2323 traditus
1114 2273 1174 2325 est.
1222 2263 1375 2344 Namque

204 2381 240 2431 ut
271 2389 360 2430 mare
389 2380 562 2430 ventorum
593 2369 624 2428 vi
655 2368 796 2448 agitatur
826 2365 937 2450 (Cre),
968 2370 1065 2447 pinus
1096 2370 1204 2430 ventis
1235 2370 1376 2450 agitatur

205 2473 298 2558 (Hor,
325 2500 367 2529 =
391 2475 496 2535 ventis
520 2475 572 2555 agi
596 2471 657 2537 Ov.
673 2473 774 2535 Trist.
799 2471 866 2557 ln),
892 2485 1005 2535 austro
1029 2477 1170 2556 agitatur
1190 2473 1374 2554 Charybdis

204 2578 339 2665 (Ouid),
359 2581 480 2643 flumen
504 2582 627 2642 maiore
650 2582 774 2659 impetu
795 2583 901 2661 agitur
923 2577 1051 2663 (Cum),
1073 2583 1117 2643 ita
1137 2584 1263 2662 optime
1284 2582 1376 2664 Argo

205 2689 323 2750 dicitur
339 2697 432 2749 acta
448 2687 637 2767 periclis,
654 2687 743 2766 quod
761 2686 846 2748 bene
862 2689 1104 2766 interpretatur,
1122 2690 1179 2768 qui
1191 2688 1376 2751 Housmani

205 2795 322 2856 librum
346 2797 378 2856 in
394 2793 568 2857 Athenaeo
589 2792 700 2875 (1904,
718 2792 780 2859 N0.
797 2805 882 2871 4005
902 2813 933 2873 p.
955 2791 1029 2877 135)
1046 2796 1108 2857 sub
1125 2814 1261 2857 censum
1278 2815 1376 2857 voca-

207 2905 270 2963 vit:
307 2902 461 2964 harassed
494 2901 538 2980 by
571 2901 723 2981 dangers.
783 2899 913 2979 Quibus
946 2900 1074 2980 periclis
1108 2911 1285 2980 postquam
1322 2903 1375 2983 agi

207 3010 312 3071 desita
343 3019 408 3084 est,
442 3008 567 3070 caelum
593 3009 661 3070 sive
686 3008 846 3069 mundum
871 3017 980 3069 tenet:
1018 3007 1044 3068 lt
1069 3008 1095 3069 is
1120 3009 1152 3069 in
1176 3009 1301 3070 reward
1325 3007 1376 3069 lor

206 3115 264 3177 her
295 3114 375 3195 peril
409 3116 478 3176 that
509 3114 600 3196 Argo
632 3116 689 3176 has
720 3115 805 3176 been
836 3113 1036 3176 transferred
1066 3125 1102 3176 to
1132 3115 1189 3176 the
1220 3114 1375 3178 heavens

207 3221 277 3283 Nec
300 3212 468 3284 dissimilia
492 3242 566 3283 esse
592 3232 683 3301 put0,
709 3242 793 3302 quae
817 3221 905 3301 apud
927 3221 1008 3282 alios
1029 3222 1207 3300 scriptores
1227 3241 1289 3283 nec
1309 3241 1376 3283 non

208 3340 239 3389 et
264 3338 380 3408 poetas
404 3329 599 3394 invenimus.
632 3325 683 3394 Cf.
706 3330 733 3389 si
754 3327 878 3407 placet:
905 3327 988 3388 Vell.
1008 3327 1076 3390 Pat.
1093 3327 1167 3390 hist.
1186 3327 1281 3395 Rom,
1300 3328 1377 3405 l4‚4

206 3432 315 3495 Aeolii
341 3435 457 3496 eadem
482 3436 622 3513 proiecti
646 3433 784 3496 Graecia
809 3434 1075 3514 longissimisque
1106 3435 1190 3495 acti
1218 3435 1377 3496 errori-

207 3544 301 3616 bus,
327 3560 393 3602 non
418 3543 527 3603 minus
552 3541 693 3603 illustres
718 3542 932 3603 obtinuerunt
957 3540 1066 3616 locos;

208 3663 269 3728 Ov.
283 3665 362 3726 Met.
378 3665 424 3727 IV
440 3666 516 3744 567:
543 3665 716 3747 longisque
741 3666 905 3727 erroribus
930 3675 1023 3726 actus

550 3792 688 3871 contigit
704 3790 847 3870 Illyricos
865 3790 1004 3872 profuga
1024 3809 1099 3850 cum
1117 3790 1257 3870 coniuge
1277 3786 1375 3862 fines;

348 3914 421 3975 Xlll
442 3915 521 3977 260:
549 3967 575 3981 ..
600 3916 740 3995 satisque
764 3916 945 3975 immitibus
1043 3924 1171 3986 actum;

359 4020 423 4082 XV
443 4035 522 4099 771:
550 4074 576 4088 ..
602 4022 708 4102 longis
732 4021 896 4083 erroribus
919 4031 1041 4083 actum.

241 4144 376 4208 Heroid.
402 4145 428 4207 ll
452 4160 528 4224 107:
555 4144 647 4224 Quae
662 4147 731 4221 tibi,
747 4145 1099 4225 Demophoon„longis
1113 4144 1277 4205 erroribus
1289 4151 1376 4210 acto,
