3166 5048
679 395 898 456 ..28-

297 602 388 665 Iuvat
413 605 530 666 iterum
555 605 670 667 afferre
696 604 822 684 Polybii
846 606 954 671 verba.
1000 603 1064 684 Qui
1087 605 1204 666 nuntio
1228 605 1304 667 victi
1328 615 1376 667 at·

201 729 268 789 que
308 712 497 789 interempti
534 711 749 773 Hasdrubalis
785 711 925 774 Romam
961 711 1057 773 allato
1094 713 1218 792 ingenti
1254 710 1376 773 laetitia

203 825 307 878 totam
344 819 510 879 civitatem
547 818 704 897 repletam
745 839 818 881 esse
854 819 1031 880 memoriae
1068 817 1228 897 prodidit,
1265 820 1376 880 omnia

204 922 340 985 delubra
372 936 548 997 exornata,
585 926 618 986 in
651 943 767 987 omnes
802 945 911 987 sacras
942 924 1042 987 aedes
1073 926 1223 986 victimas
1253 935 1287 986 et
1311 924 1377 988 liba

202 1041 363 1110 congesta
387 1050 476 1103 esse;
504 1033 626 1092 bonam
649 1032 734 1093 adeo
759 1051 853 1110 spem
877 1051 994 1094 omnes
1019 1032 1213 1110 concepisse
1236 1051 1274 1092 ac
1294 1030 1377 1092 fidu-

202 1137 297 1211 ciam,
323 1146 359 1198 ut
383 1138 447 1198 iam
464 1137 694 1212 Hannibalern,
721 1158 820 1219 quem
844 1148 1017 1217 tantopere
1042 1157 1148 1218 usque
1172 1137 1214 1199 ad
1238 1137 1271 1199 id
1293 1147 1377 1199 tem-

204 1264 265 1323 pus
296 1245 497 1318 timuissent,
530 1264 572 1307 ne
603 1265 677 1307 esse
709 1246 842 1326 quidem
873 1247 906 1307 in
931 1245 1021 1307 ltalia
1049 1244 1189 1324 amplius
1222 1253 1375 1324 putarent

203 1347 298 1432 (Xl3
324 1351 386 1412 sub
410 1349 532 1435 finem).

293 1456 336 1518 Et
370 1478 435 1538 qua
465 1459 506 1519 de
539 1479 572 1519 re
604 1479 712 1521 rerum
744 1460 922 1539 scriptores
953 1459 1055 1520 multa
1086 1460 1186 1519 verba
1216 1457 1376 1532 fecerunt,

202 1583 277 1625 eam
302 1564 392 1644 quod
416 1565 505 1644 apud
529 1576 644 1644 poetas
671 1586 803 1646 quoque
820 1567 952 1646 saepius
972 1568 1156 1627 invenimus
1174 1583 1377 1627 commemo-

204 1681 319 1746 ratam,
346 1690 412 1732 non
437 1682 488 1733 est
513 1692 569 1733 cur
593 1674 757 1735 miremur.
797 1672 914 1753 Neque
939 1674 1026 1734 enim
1051 1673 1222 1753 quisquam
1246 1669 1374 1731 Horatii

205 1796 340 1838 carmen
364 1774 423 1861 (lV
439 1775 474 1860 4)
498 1780 621 1840 nescit:

421 1919 531 1983 Testis
557 1922 742 1983 Metaurum
765 1923 887 1984 flumen
911 1934 944 1984 et
968 1922 1154 1984 Hasdrubal

420 2027 702 2094 Devictus
743 2083 748 2094 ,

734 2169 828 2182 .....
855 2116 996 2191 Occidit,
1022 2115 1152 2178 Occidit

420 2223 504 2304 Spes
529 2225 636 2286 omnis
660 2234 693 2286 et
717 2224 850 2286 fortuna
874 2224 979 2286 nostri

420 2330 571 2392 Nominis
596 2331 803 2393 Hasdrubale
827 2332 1097 2410 interemptu.

296 2473 347 2534 En
376 2475 510 2534 tandem
542 2475 652 2553 aspice
682 2483 875 2535 necatum
900 2473 1139 2534 Hasdrubalem
1163 2470 1251 2550 apud
1275 2469 1380 2531 Mani-

205 2580 299 2656 lium,
334 2582 637 2659 interemptum
670 2581 758 2660 apud
790 2580 978 2654 Horatium,
1011 2580 1103 2641 cuius
1135 2578 1278 2640 carmina
1312 2595 1379 2636 non

208 2688 309 2749 semel
329 2707 403 2748 esse
421 2689 583 2748 imitatum
599 2687 767 2749 Manilium
788 2688 868 2749 satis
885 2700 966 2765 puto
984 2695 1136 2747 constare
1153 2685 1237 2745 inter
1254 2702 1379 2747 omnes,

207 2794 374 2858 Occisus
395 2795 464 2856 dux
483 2805 684 2856 memoratur
701 2796 799 2855 etiam
817 2815 835 2855 a
851 2793 930 2857 Silio
947 2792 1058 2854 ltalico
1076 2792 1199 2867 (Punic.
1214 2789 1277 2850 XV
1292 2788 1380 2868 814),

207 2904 302 2964 cuius
335 2902 448 2976 verba,
481 2902 604 2981 quippe
636 2902 754 2981 quibus
786 2901 1043 2979 praeclarissime
1067 2898 1204 2959 Liviana
1228 2894 1380 2974 (XXVII)

207 3011 311 3088 epicis
337 3007 502 3069 coloribus
527 3007 723 3069 adumbrata
747 3009 823 3082 sint,
849 3009 919 3086 ipse
943 3006 1047 3088 legas:

316 3150 402 3213 Tum
428 3151 526 3225 Nero,
552 3169 688 3228 procera
712 3150 863 3211 sublimia
886 3148 1023 3227 cuspide
1047 3157 1183 3226 portans

319 3256 386 3319 Ora
410 3257 529 3319 ducis
555 3257 684 3331 caesi,
711 3255 840 3319 Cannas
866 3257 1086 3336 pensavimus,
1112 3253 1227 3333 inquit,

317 3363 491 3439 Hannibal,
516 3374 549 3425 et
573 3362 730 3424 Trebiam
754 3375 786 3424 et
811 3361 1018 3424 Trasimenni
1043 3361 1136 3421 litora
1160 3369 1271 3420 tecum

317 3469 476 3532 Fraterno
501 3471 618 3550 capite.
666 3469 688 3545 l,
714 3470 844 3549 duplica
868 3488 954 3531 nunc
980 3467 1103 3548 perfida
1127 3464 1212 3527 bella

317 3577 359 3638 Et
384 3577 532 3660 geminas
557 3597 686 3639 arcesse
710 3578 807 3642 acies.
855 3577 946 3638 Haec
971 3575 1115 3655 praemia
1139 3581 1273 3646 restant,

316 3681 382 3761 Qui
406 3694 463 3744 tua
487 3684 646 3745 tramissis
670 3684 816 3762 optarint
838 3682 979 3762 Alpibus
1003 3700 1101 3746 arma.

318 3789 522 3869 Compressit
547 3790 694 3852 lacrimas
719 3790 849 3851 Poenus
874 3789 1056 3869 minuitque
1080 3786 1216 3848 serendo

319 3896 517 3960 Constanter
542 3896 625 3957 mala
649 3908 681 3958 et
706 3894 837 3957 inferias
861 3897 1067 3974 intempore
1092 3895 1207 3975 dignas

317 4003 496 4065 Missurum
519 4004 619 4078 fratri,
645 4003 756 4065 clauso
780 4012 1038 4064 commurmurat
1063 4020 1130 4062 ore.

319 4109 405 4171 Tum
430 4111 545 4172 castris
570 4108 684 4189 procul
708 4109 838 4182 amotis,
864 4109 1001 4170 adversa
1026 4109 1136 4188 quiete

320 4215 548 4291 Dissimulans,
574 4216 674 4278 dubia
697 4215 837 4277 exclusit
862 4217 1041 4277 certamina
1065 4215 1188 4278 Martis.
