<?xml version="1.0" encoding="UTF-8"?>
<!DOCTYPE html PUBLIC "-//W3C//DTD XHTML 1.0 Transitional//EN"
    "http://www.w3.org/TR/xhtml1/DTD/xhtml1-transitional.dtd">
<html xmlns="http://www.w3.org/1999/xhtml" xml:lang="en" lang="en">
 <head>
  <title>
</title>
<meta http-equiv="Content-Type" content="text/html;charset=utf-8" />
  <meta name='ocr-system' content='tesseract 3.04.00' />
  <meta name='ocr-capabilities' content='ocr_page ocr_carea ocr_par ocr_line ocrx_word'/>
</head>
<body>
  <div class='ocr_page' id='page_1' title='image "./delocisquibusda00kraegoog_0028.png"; bbox 0 0 3166 5048; ppageno 0'>
   <div class='ocr_carea' id='block_1_1' title="bbox 680 366 898 429">
    <p class='ocr_par' dir='ltr' id='par_1_1' title="bbox 680 366 898 429">
     <span class='ocr_line' id='line_1_1' title="bbox 680 366 898 429; baseline 0 -31"><span class='ocrx_word' id='word_1_1' title='bbox 680 366 898 429; x_wconf 54' lang='grc'>,23-</span> 
     </span>
    </p>
   </div>
   <div class='ocr_carea' id='block_1_2' title="bbox 200 566 1375 4281">
    <p class='ocr_par' dir='ltr' id='par_1_2' title="bbox 203 566 1375 1503">
     <span class='ocr_line' id='line_1_2' title="bbox 203 566 1372 648; baseline -0.001 -20"><span class='ocrx_word' id='word_1_2' title='bbox 203 569 296 628; x_wconf 86' lang='lat' dir='ltr'>ritius</span> <span class='ocrx_word' id='word_1_3' title='bbox 313 567 486 646; x_wconf 78' lang='lat' dir='ltr'>HauptiuS,</span> <span class='ocrx_word' id='word_1_4' title='bbox 512 576 549 628; x_wconf 94' lang='lat' dir='ltr'>ut</span> <span class='ocrx_word' id='word_1_5' title='bbox 574 567 809 642; x_wconf 85' lang='lat' dir='ltr'>coniecturam,</span> <span class='ocrx_word' id='word_1_6' title='bbox 834 586 933 648; x_wconf 91' lang='lat' dir='ltr'>quam</span> <span class='ocrx_word' id='word_1_7' title='bbox 958 566 1072 629; x_wconf 87' lang='lat' dir='ltr'>habuit</span> <span class='ocrx_word' id='word_1_8' title='bbox 1096 567 1372 641; x_wconf 86' lang='lat' dir='ltr'>emendationem,</span> 
     </span>
     <span class='ocr_line' id='line_1_3' title="bbox 203 673 1375 754; baseline -0.001 -18"><span class='ocrx_word' id='word_1_9' title='bbox 203 685 319 736; x_wconf 90' lang='lat' dir='ltr'>eontra</span> <span class='ocrx_word' id='word_1_10' title='bbox 351 694 423 747; x_wconf 91' lang='lat' dir='ltr'>eos,</span> <span class='ocrx_word' id='word_1_11' title='bbox 456 675 511 753; x_wconf 91' lang='lat' dir='ltr'>qui</span> <span class='ocrx_word' id='word_1_12' title='bbox 542 673 1004 752; x_wconf 85' lang='lat' dir='ltr'>opponerent,·defenderet‚</span> <span class='ocrx_word' id='word_1_13' title='bbox 1038 675 1084 735; x_wconf 90' lang='lat' dir='ltr'>sic</span> <span class='ocrx_word' id='word_1_14' title='bbox 1115 674 1200 754; x_wconf 89' lang='lat' dir='ltr'>egit:</span> <span class='ocrx_word' id='word_1_15' title='bbox 1241 673 1308 736; x_wconf 89' lang='lat' dir='ltr'>Sed</span> <span class='ocrx_word' id='word_1_16' title='bbox 1339 684 1375 735; x_wconf 90' lang='lat' dir='ltr'>ut</span> 
     </span>
     <span class='ocr_line' id='line_1_4' title="bbox 204 779 1373 860; baseline -0.002 -18"><span class='ocrx_word' id='word_1_17' title='bbox 204 783 398 843; x_wconf 86' lang='lat' dir='ltr'>evitaverint</span> <span class='ocrx_word' id='word_1_18' title='bbox 429 780 576 860; x_wconf 87' lang='lat' dir='ltr'>plerique</span> <span class='ocrx_word' id='word_1_19' title='bbox 609 790 727 859; x_wconf 89' lang='lat' dir='ltr'>poetae</span> <span class='ocrx_word' id='word_1_20' title='bbox 752 779 861 840; x_wconf 90' lang='lat' dir='ltr'>Latini</span> <span class='ocrx_word' id='word_1_21' title='bbox 892 781 985 841; x_wconf 92' lang='lat' dir='ltr'>istius</span> <span class='ocrx_word' id='word_1_22' title='bbox 1017 781 1108 841; x_wconf 92' lang='lat' dir='ltr'>modi</span> <span class='ocrx_word' id='word_1_23' title='bbox 1139 779 1373 842; x_wconf 92' lang='lat' dir='ltr'>vocabulorum</span> 
     </span>
     <span class='ocr_line' id='line_1_5' title="bbox 203 887 1374 966; baseline -0.001 -17"><span class='ocrx_word' id='word_1_24' title='bbox 203 889 425 962; x_wconf 86' lang='lat' dir='ltr'>iterationem,</span> <span class='ocrx_word' id='word_1_25' title='bbox 457 899 569 948; x_wconf 91' lang='lat' dir='ltr'>tamen</span> <span class='ocrx_word' id='word_1_26' title='bbox 601 906 668 947; x_wconf 93' lang='lat' dir='ltr'>non</span> <span class='ocrx_word' id='word_1_27' title='bbox 700 887 846 947; x_wconf 92' lang='lat' dir='ltr'>omnium</span> <span class='ocrx_word' id='word_1_28' title='bbox 877 906 986 966; x_wconf 89' lang='lat' dir='ltr'>neque</span> <span class='ocrx_word' id='word_1_29' title='bbox 1010 889 1100 949; x_wconf 91' lang='lat' dir='ltr'>omni</span> <span class='ocrx_word' id='word_1_30' title='bbox 1124 898 1233 948; x_wconf 87' lang='lat' dir='ltr'>aetate</span> <span class='ocrx_word' id='word_1_31' title='bbox 1257 887 1374 949; x_wconf 90' lang='lat' dir='ltr'>eadem</span> 
     </span>
     <span class='ocr_line' id='line_1_6' title="bbox 203 993 1374 1077; baseline -0.001 -21"><span class='ocrx_word' id='word_1_32' title='bbox 203 993 263 1058; x_wconf 86' lang='lat' dir='ltr'>luit</span> <span class='ocrx_word' id='word_1_33' title='bbox 285 995 462 1077; x_wconf 88' lang='lat' dir='ltr'>diligentia.</span> <span class='ocrx_word' id='word_1_34' title='bbox 496 993 609 1056; x_wconf 90' lang='lat' dir='ltr'>Veluti</span> <span class='ocrx_word' id='word_1_35' title='bbox 631 1012 779 1055; x_wconf 92' lang='lat' dir='ltr'>summus</span> <span class='ocrx_word' id='word_1_36' title='bbox 802 994 937 1073; x_wconf 91' lang='lat' dir='ltr'>copiose</span> <span class='ocrx_word' id='word_1_37' title='bbox 955 993 1086 1055; x_wconf 89' lang='lat' dir='ltr'>dicendi</span> <span class='ocrx_word' id='word_1_38' title='bbox 1102 993 1222 1055; x_wconf 87' lang='lat' dir='ltr'>artifex</span> <span class='ocrx_word' id='word_1_39' title='bbox 1239 994 1281 1055; x_wconf 88' lang='lat' dir='ltr'>M.</span> <span class='ocrx_word' id='word_1_40' title='bbox 1296 993 1374 1055; x_wconf 93' lang='lat' dir='ltr'>Tul-</span> 
     </span>
     <span class='ocr_line' id='line_1_7' title="bbox 203 1099 1374 1177; baseline 0 -15"><span class='ocrx_word' id='word_1_41' title='bbox 203 1103 263 1163; x_wconf 89' lang='lat' dir='ltr'>lius</span> <span class='ocrx_word' id='word_1_42' title='bbox 289 1099 421 1177; x_wconf 88' lang='lat' dir='ltr'>Cicer0,</span> <span class='ocrx_word' id='word_1_43' title='bbox 452 1121 526 1162; x_wconf 91' lang='lat' dir='ltr'>cum</span> <span class='ocrx_word' id='word_1_44' title='bbox 552 1099 661 1161; x_wconf 80' lang='lat' dir='ltr'>Aratia</span> <span class='ocrx_word' id='word_1_45' title='bbox 689 1099 820 1161; x_wconf 90' lang='lat' dir='ltr'>iuvenili</span> <span class='ocrx_word' id='word_1_46' title='bbox 848 1100 959 1162; x_wconf 93' lang='lat' dir='ltr'>studio</span> <span class='ocrx_word' id='word_1_47' title='bbox 988 1101 1225 1175; x_wconf 88' lang='lat' dir='ltr'>conscriberet,</span> <span class='ocrx_word' id='word_1_48' title='bbox 1256 1103 1374 1163; x_wconf 92' lang='lat' dir='ltr'>mirum</span> 
     </span>
     <span class='ocr_line' id='line_1_8' title="bbox 204 1206 1374 1288; baseline -0.001 -18"><span class='ocrx_word' id='word_1_49' title='bbox 204 1219 254 1270; x_wconf 91' lang='lat' dir='ltr'>est</span> <span class='ocrx_word' id='word_1_50' title='bbox 286 1227 384 1288; x_wconf 92' lang='lat' dir='ltr'>quam</span> <span class='ocrx_word' id='word_1_51' title='bbox 414 1227 514 1286; x_wconf 90' lang='lat' dir='ltr'>saepe</span> <span class='ocrx_word' id='word_1_52' title='bbox 538 1209 570 1267; x_wconf 91' lang='lat' dir='ltr'>in</span> <span class='ocrx_word' id='word_1_53' title='bbox 595 1207 711 1268; x_wconf 87' lang='lat' dir='ltr'>eadem</span> <span class='ocrx_word' id='word_1_54' title='bbox 737 1206 837 1267; x_wconf 90' lang='lat' dir='ltr'>verba</span> <span class='ocrx_word' id='word_1_55' title='bbox 861 1207 1021 1272; x_wconf 80' lang='lat' dir='ltr'>inciderit.</span> <span class='ocrx_word' id='word_1_56' title='bbox 1067 1207 1176 1268; x_wconf 88' lang='lat' dir='ltr'>Etiam</span> <span class='ocrx_word' id='word_1_57' title='bbox 1200 1207 1374 1270; x_wconf 92' lang='lat' dir='ltr'>Lucretius</span> 
     </span>
     <span class='ocr_line' id='line_1_9' title="bbox 205 1313 1373 1394; baseline 0.001 -19"><span class='ocrx_word' id='word_1_58' title='bbox 205 1315 320 1376; x_wconf 91' lang='lat' dir='ltr'>eadem</span> <span class='ocrx_word' id='word_1_59' title='bbox 341 1313 500 1376; x_wconf 91' lang='lat' dir='ltr'>vocabula</span> <span class='ocrx_word' id='word_1_60' title='bbox 525 1333 592 1374; x_wconf 92' lang='lat' dir='ltr'>non</span> <span class='ocrx_word' id='word_1_61' title='bbox 611 1333 684 1374; x_wconf 91' lang='lat' dir='ltr'>raro</span> <span class='ocrx_word' id='word_1_62' title='bbox 711 1315 830 1392; x_wconf 89' lang='lat' dir='ltr'>repetit</span> <span class='ocrx_word' id='word_1_63' title='bbox 851 1324 885 1375; x_wconf 91' lang='lat' dir='ltr'>et</span> <span class='ocrx_word' id='word_1_64' title='bbox 910 1333 1158 1394; x_wconf 87' lang='lat' dir='ltr'>nonnumquam</span> <span class='ocrx_word' id='word_1_65' title='bbox 1182 1313 1269 1376; x_wconf 90' lang='lat' dir='ltr'>haud</span> <span class='ocrx_word' id='word_1_66' title='bbox 1294 1333 1373 1376; x_wconf 91' lang='lat' dir='ltr'>sane</span> 
     </span>
     <span class='ocr_line' id='line_1_10' title="bbox 206 1423 379 1503; baseline 0.023 -21"><span class='ocrx_word' id='word_1_67' title='bbox 206 1423 379 1503; x_wconf 83' lang='lat' dir='ltr'>eleganter.</span> 
     </span>
    </p>

    <p class='ocr_par' dir='ltr' id='par_1_3' title="bbox 200 1525 1375 3214">
     <span class='ocr_line' id='line_1_11' title="bbox 291 1525 1373 1606; baseline -0.001 -17"><span class='ocrx_word' id='word_1_68' title='bbox 291 1525 366 1606; x_wconf 84' lang='lat' dir='ltr'>Qua</span> <span class='ocrx_word' id='word_1_69' title='bbox 396 1529 427 1588; x_wconf 91' lang='lat' dir='ltr'>in</span> <span class='ocrx_word' id='word_1_70' title='bbox 459 1549 493 1588; x_wconf 87' lang='lat' dir='ltr'>re</span> <span class='ocrx_word' id='word_1_71' title='bbox 525 1528 579 1606; x_wconf 91' lang='lat' dir='ltr'>qui</span> <span class='ocrx_word' id='word_1_72' title='bbox 610 1527 766 1588; x_wconf 91' lang='lat' dir='ltr'>iudicium</span> <span class='ocrx_word' id='word_1_73' title='bbox 795 1526 902 1588; x_wconf 85' lang='lat' dir='ltr'>lacere</span> <span class='ocrx_word' id='word_1_74' title='bbox 927 1527 1030 1602; x_wconf 92' lang='lat' dir='ltr'>volet,</span> <span class='ocrx_word' id='word_1_75' title='bbox 1061 1548 1139 1590; x_wconf 93' lang='lat' dir='ltr'>eum</span> <span class='ocrx_word' id='word_1_76' title='bbox 1161 1528 1248 1590; x_wconf 92' lang='lat' dir='ltr'>haud</span> <span class='ocrx_word' id='word_1_77' title='bbox 1273 1529 1373 1589; x_wconf 91' lang='lat' dir='ltr'>dubie</span> 
     </span>
     <span class='ocr_line' id='line_1_12' title="bbox 203 1634 1371 1716; baseline -0.002 -19"><span class='ocrx_word' id='word_1_78' title='bbox 203 1636 327 1697; x_wconf 91' lang='lat' dir='ltr'>iuvabit</span> <span class='ocrx_word' id='word_1_79' title='bbox 350 1635 533 1696; x_wconf 87' lang='lat' dir='ltr'>accuratius</span> <span class='ocrx_word' id='word_1_80' title='bbox 557 1645 697 1695; x_wconf 90' lang='lat' dir='ltr'>tractare</span> <span class='ocrx_word' id='word_1_81' title='bbox 722 1654 805 1714; x_wconf 92' lang='lat' dir='ltr'>quae</span> <span class='ocrx_word' id='word_1_82' title='bbox 836 1636 1022 1714; x_wconf 91' lang='lat' dir='ltr'>nuperrime</span> <span class='ocrx_word' id='word_1_83' title='bbox 1053 1637 1183 1716; x_wconf 90' lang='lat' dir='ltr'>scripsit</span> <span class='ocrx_word' id='word_1_84' title='bbox 1207 1634 1371 1697; x_wconf 90' lang='lat' dir='ltr'>Bednara:</span> 
     </span>
     <span class='ocr_line' id='line_1_13' title="bbox 202 1740 1374 1824; baseline -0.002 -20"><span class='ocrx_word' id='word_1_85' title='bbox 202 1743 243 1805; x_wconf 94' lang='lat' dir='ltr'>de</span> <span class='ocrx_word' id='word_1_86' title='bbox 280 1761 433 1804; x_wconf 92' lang='lat' dir='ltr'>sermone</span> <span class='ocrx_word' id='word_1_87' title='bbox 466 1741 704 1820; x_wconf 87' lang='lat' dir='ltr'>dactylicorum</span> <span class='ocrx_word' id='word_1_88' title='bbox 735 1740 928 1803; x_wconf 90' lang='lat' dir='ltr'>Latinorum</span> <span class='ocrx_word' id='word_1_89' title='bbox 958 1744 1171 1822; x_wconf 90' lang='lat' dir='ltr'>quaestiones</span> <span class='ocrx_word' id='word_1_90' title='bbox 1202 1740 1374 1824; x_wconf 80' lang='lat' dir='ltr'>(Wolfflini</span> 
     </span>
     <span class='ocr_line' id='line_1_14' title="bbox 202 1847 1373 1930; baseline -0.003 -19"><span class='ocrx_word' id='word_1_91' title='bbox 202 1848 300 1911; x_wconf 86' lang='lat' dir='ltr'>Arch.</span> <span class='ocrx_word' id='word_1_92' title='bbox 326 1847 347 1909; x_wconf 87' lang='lat' dir='ltr'>f.</span> <span class='ocrx_word' id='word_1_93' title='bbox 372 1849 390 1911; x_wconf 88' lang='lat' dir='ltr'>l.</span> <span class='ocrx_word' id='word_1_94' title='bbox 419 1847 547 1923; x_wconf 63' lang='lat' dir='ltr'>Lexilr,</span> <span class='ocrx_word' id='word_1_95' title='bbox 572 1848 705 1927; x_wconf 89' lang='lat' dir='ltr'>Lipsiae</span> <span class='ocrx_word' id='word_1_96' title='bbox 733 1859 826 1925; x_wconf 85' lang='lat'>1905,</span> <span class='ocrx_word' id='word_1_97' title='bbox 850 1859 873 1911; x_wconf 88' lang='lat' dir='ltr'>t.</span> <span class='ocrx_word' id='word_1_98' title='bbox 901 1852 967 1927; x_wconf 86' lang='lat'>14):</span> <span class='ocrx_word' id='word_1_99' title='bbox 1005 1848 1132 1911; x_wconf 89' lang='lat' dir='ltr'>Graeca</span> <span class='ocrx_word' id='word_1_100' title='bbox 1161 1850 1269 1930; x_wconf 90' lang='lat' dir='ltr'>lingua</span> <span class='ocrx_word' id='word_1_101' title='bbox 1298 1868 1373 1911; x_wconf 91' lang='lat' dir='ltr'>eum</span> 
     </span>
     <span class='ocr_line' id='line_1_15' title="bbox 202 1949 1373 2036; baseline -0.002 -18"><span class='ocrx_word' id='word_1_102' title='bbox 202 1956 372 2036; x_wconf 90' lang='lat' dir='ltr'>dactylicis</span> <span class='ocrx_word' id='word_1_103' title='bbox 399 1956 560 2035; x_wconf 90' lang='lat' dir='ltr'>rhythmis</span> <span class='ocrx_word' id='word_1_104' title='bbox 584 1956 678 2017; x_wconf 90' lang='lat' dir='ltr'>valde</span> <span class='ocrx_word' id='word_1_105' title='bbox 703 1954 821 2032; x_wconf 83' lang='lat' dir='ltr'>faveat,</span> <span class='ocrx_word' id='word_1_106' title='bbox 848 1949 966 2017; x_wconf 87' lang='lat' dir='ltr'>Latina</span> <span class='ocrx_word' id='word_1_107' title='bbox 990 1967 1100 2018; x_wconf 89' lang='lat' dir='ltr'>autem</span> <span class='ocrx_word' id='word_1_108' title='bbox 1125 1977 1142 2016; x_wconf 92' lang='lat' dir='ltr'>a</span> <span class='ocrx_word' id='word_1_109' title='bbox 1168 1967 1273 2018; x_wconf 92' lang='lat' dir='ltr'>metro</span> <span class='ocrx_word' id='word_1_110' title='bbox 1298 1957 1373 2017; x_wconf 91' lang='lat' dir='ltr'>dac·</span> 
     </span>
     <span class='ocr_line' id='line_1_16' title="bbox 202 2063 1373 2142; baseline -0.001 -18"><span class='ocrx_word' id='word_1_111' title='bbox 202 2063 303 2142; x_wconf 90' lang='lat' dir='ltr'>tylico</span> <span class='ocrx_word' id='word_1_112' title='bbox 328 2073 444 2124; x_wconf 87' lang='lat' dir='ltr'>natura</span> <span class='ocrx_word' id='word_1_113' title='bbox 467 2063 652 2138; x_wconf 91' lang='lat' dir='ltr'>abhorreat,</span> <span class='ocrx_word' id='word_1_114' title='bbox 678 2072 792 2124; x_wconf 91' lang='lat' dir='ltr'>contra</span> <span class='ocrx_word' id='word_1_115' title='bbox 817 2064 964 2124; x_wconf 91' lang='lat' dir='ltr'>iambicis</span> <span class='ocrx_word' id='word_1_116' title='bbox 989 2074 1023 2124; x_wconf 88' lang='lat' dir='ltr'>et</span> <span class='ocrx_word' id='word_1_117' title='bbox 1046 2063 1241 2125; x_wconf 89' lang='lat' dir='ltr'>trochaeicis</span> <span class='ocrx_word' id='word_1_118' title='bbox 1266 2063 1373 2124; x_wconf 93' lang='lat' dir='ltr'>modis</span> 
     </span>
     <span class='ocr_line' id='line_1_17' title="bbox 203 2170 1374 2249; baseline 0 -19"><span class='ocrx_word' id='word_1_119' title='bbox 203 2181 280 2249; x_wconf 91' lang='lat' dir='ltr'>apta</span> <span class='ocrx_word' id='word_1_120' title='bbox 313 2172 368 2246; x_wconf 92' lang='lat' dir='ltr'>sit,</span> <span class='ocrx_word' id='word_1_121' title='bbox 402 2171 634 2231; x_wconf 88' lang='lat' dir='ltr'>hexametrum</span> <span class='ocrx_word' id='word_1_122' title='bbox 669 2190 800 2232; x_wconf 91' lang='lat' dir='ltr'>versum</span> <span class='ocrx_word' id='word_1_123' title='bbox 834 2191 851 2231; x_wconf 95' lang='lat' dir='ltr'>e</span> <span class='ocrx_word' id='word_1_124' title='bbox 883 2170 1021 2232; x_wconf 89' lang='lat' dir='ltr'>Graecia</span> <span class='ocrx_word' id='word_1_125' title='bbox 1052 2173 1083 2231; x_wconf 93' lang='lat' dir='ltr'>in</span> <span class='ocrx_word' id='word_1_126' title='bbox 1116 2170 1238 2231; x_wconf 90' lang='lat' dir='ltr'>ltaliam</span> <span class='ocrx_word' id='word_1_127' title='bbox 1270 2179 1374 2230; x_wconf 88' lang='lat' dir='ltr'>trans-</span> 
     </span>
     <span class='ocr_line' id='line_1_18' title="bbox 204 2275 1374 2358; baseline 0.002 -22"><span class='ocrx_word' id='word_1_128' title='bbox 204 2275 341 2338; x_wconf 87' lang='lat' dir='ltr'>ferendo</span> <span class='ocrx_word' id='word_1_129' title='bbox 357 2277 482 2339; x_wconf 89' lang='lat' dir='ltr'>Ennius</span> <span class='ocrx_word' id='word_1_130' title='bbox 506 2278 634 2358; x_wconf 84' lang='lat' dir='ltr'>linguae</span> <span class='ocrx_word' id='word_1_131' title='bbox 652 2278 790 2339; x_wconf 89' lang='lat' dir='ltr'>Latinae</span> <span class='ocrx_word' id='word_1_132' title='bbox 814 2298 881 2339; x_wconf 94' lang='lat' dir='ltr'>non</span> <span class='ocrx_word' id='word_1_133' title='bbox 906 2281 1161 2339; x_wconf 92' lang='lat' dir='ltr'>convenientem</span> <span class='ocrx_word' id='word_1_134' title='bbox 1186 2278 1278 2357; x_wconf 91' lang='lat' dir='ltr'>quasi</span> <span class='ocrx_word' id='word_1_135' title='bbox 1302 2288 1374 2338; x_wconf 82' lang='lat' dir='ltr'>ves-</span> 
     </span>
     <span class='ocr_line' id='line_1_19' title="bbox 204 2383 1373 2465; baseline -0.001 -20"><span class='ocrx_word' id='word_1_136' title='bbox 204 2396 272 2445; x_wconf 93' lang='lat' dir='ltr'>tem</span> <span class='ocrx_word' id='word_1_137' title='bbox 296 2385 471 2446; x_wconf 88' lang='lat' dir='ltr'>induebat:</span> <span class='ocrx_word' id='word_1_138' title='bbox 497 2383 645 2465; x_wconf 92' lang='lat' dir='ltr'>plurimis</span> <span class='ocrx_word' id='word_1_139' title='bbox 670 2385 963 2465; x_wconf 86' lang='lat' dir='ltr'>pulcherrimisque</span> <span class='ocrx_word' id='word_1_140' title='bbox 988 2386 1100 2446; x_wconf 88' lang='lat' dir='ltr'>lormis</span> <span class='ocrx_word' id='word_1_141' title='bbox 1125 2395 1161 2446; x_wconf 91' lang='lat' dir='ltr'>ut</span> <span class='ocrx_word' id='word_1_142' title='bbox 1182 2385 1290 2445; x_wconf 91' lang='lat' dir='ltr'>versui</span> <span class='ocrx_word' id='word_1_143' title='bbox 1306 2403 1373 2444; x_wconf 94' lang='lat' dir='ltr'>non</span> 
     </span>
     <span class='ocr_line' id='line_1_20' title="bbox 203 2492 1374 2573; baseline 0.001 -22"><span class='ocrx_word' id='word_1_144' title='bbox 203 2495 288 2571; x_wconf 89' lang='lat' dir='ltr'>aptis</span> <span class='ocrx_word' id='word_1_145' title='bbox 311 2492 359 2553; x_wconf 91' lang='lat' dir='ltr'>uti</span> <span class='ocrx_word' id='word_1_146' title='bbox 383 2494 492 2571; x_wconf 91' lang='lat' dir='ltr'>poetis</span> <span class='ocrx_word' id='word_1_147' title='bbox 517 2493 618 2571; x_wconf 88' lang='lat' dir='ltr'>epicis</span> <span class='ocrx_word' id='word_1_148' title='bbox 636 2511 702 2553; x_wconf 92' lang='lat' dir='ltr'>non</span> <span class='ocrx_word' id='word_1_149' title='bbox 719 2492 848 2558; x_wconf 81' lang='lat' dir='ltr'>licebat.</span> <span class='ocrx_word' id='word_1_150' title='bbox 880 2492 921 2553; x_wconf 89' lang='lat' dir='ltr'>Hi</span> <span class='ocrx_word' id='word_1_151' title='bbox 939 2494 1035 2573; x_wconf 91' lang='lat' dir='ltr'>igitur</span> <span class='ocrx_word' id='word_1_152' title='bbox 1051 2494 1155 2553; x_wconf 90' lang='lat' dir='ltr'>varias</span> <span class='ocrx_word' id='word_1_153' title='bbox 1172 2512 1209 2552; x_wconf 91' lang='lat' dir='ltr'>ac</span> <span class='ocrx_word' id='word_1_154' title='bbox 1228 2493 1374 2553; x_wconf 88' lang='lat' dir='ltr'>diversas</span> 
     </span>
     <span class='ocr_line' id='line_1_21' title="bbox 203 2599 1375 2674; baseline 0 -15"><span class='ocrx_word' id='word_1_155' title='bbox 203 2609 290 2660; x_wconf 89' lang='lat' dir='ltr'>artes</span> <span class='ocrx_word' id='word_1_156' title='bbox 321 2610 355 2661; x_wconf 86' lang='lat' dir='ltr'>et</span> <span class='ocrx_word' id='word_1_157' title='bbox 379 2599 490 2674; x_wconf 92' lang='lat' dir='ltr'>dolos,</span> <span class='ocrx_word' id='word_1_158' title='bbox 516 2613 552 2660; x_wconf 92' lang='lat' dir='ltr'>ut</span> <span class='ocrx_word' id='word_1_159' title='bbox 577 2601 621 2659; x_wconf 91' lang='lat' dir='ltr'>ita</span> <span class='ocrx_word' id='word_1_160' title='bbox 645 2600 767 2674; x_wconf 90' lang='lat' dir='ltr'>dicam,</span> <span class='ocrx_word' id='word_1_161' title='bbox 792 2601 949 2661; x_wconf 89' lang='lat' dir='ltr'>adhibere</span> <span class='ocrx_word' id='word_1_162' title='bbox 974 2601 1080 2660; x_wconf 91' lang='lat' dir='ltr'>coacti</span> <span class='ocrx_word' id='word_1_163' title='bbox 1105 2608 1210 2672; x_wconf 90' lang='lat' dir='ltr'>erant,</span> <span class='ocrx_word' id='word_1_164' title='bbox 1235 2609 1271 2660; x_wconf 93' lang='lat' dir='ltr'>ut</span> <span class='ocrx_word' id='word_1_165' title='bbox 1296 2616 1375 2659; x_wconf 91' lang='lat' dir='ltr'>con-</span> 
     </span>
     <span class='ocr_line' id='line_1_22' title="bbox 202 2684 1374 2786; baseline 0 -21"><span class='ocrx_word' id='word_1_166' title='bbox 202 2713 374 2786; x_wconf 91' lang='lat' dir='ltr'>gruentem</span> <span class='ocrx_word' id='word_1_167' title='bbox 398 2724 500 2780; x_wconf 79' lang='grc' dir='ltr'>ηονο,</span> <span class='ocrx_word' id='word_1_168' title='bbox 527 2716 687 2785; x_wconf 90' lang='lat' dir='ltr'>quantum</span> <span class='ocrx_word' id='word_1_169' title='bbox 712 2706 744 2766; x_wconf 92' lang='lat' dir='ltr'>id</span> <span class='ocrx_word' id='word_1_170' title='bbox 769 2705 836 2766; x_wconf 91' lang='lat' dir='ltr'>fieri</span> <span class='ocrx_word' id='word_1_171' title='bbox 860 2716 990 2785; x_wconf 90' lang='lat' dir='ltr'>posset,</span> <span class='ocrx_word' id='word_1_172' title='bbox 1016 2684 1122 2768; x_wconf 92' lang='lat' dir='ltr'>metro</span> <span class='ocrx_word' id='word_1_173' title='bbox 1148 2706 1293 2766; x_wconf 88' lang='lat' dir='ltr'>lacerent</span> <span class='ocrx_word' id='word_1_174' title='bbox 1316 2705 1374 2765; x_wconf 88' lang='lat' dir='ltr'>lin-</span> 
     </span>
     <span class='ocr_line' id='line_1_23' title="bbox 201 2811 1374 2894; baseline 0 -22"><span class='ocrx_word' id='word_1_175' title='bbox 201 2830 309 2892; x_wconf 90' lang='lat' dir='ltr'>guam.</span> <span class='ocrx_word' id='word_1_176' title='bbox 357 2811 401 2873; x_wconf 88' lang='lat' dir='ltr'>Et</span> <span class='ocrx_word' id='word_1_177' title='bbox 432 2833 510 2873; x_wconf 92' lang='lat' dir='ltr'>vero</span> <span class='ocrx_word' id='word_1_178' title='bbox 541 2832 668 2875; x_wconf 93' lang='lat' dir='ltr'>summa</span> <span class='ocrx_word' id='word_1_179' title='bbox 698 2832 812 2874; x_wconf 89' lang='lat' dir='ltr'>eorum</span> <span class='ocrx_word' id='word_1_180' title='bbox 843 2833 944 2892; x_wconf 91' lang='lat' dir='ltr'>opera</span> <span class='ocrx_word' id='word_1_181' title='bbox 968 2825 1002 2874; x_wconf 91' lang='lat' dir='ltr'>et</span> <span class='ocrx_word' id='word_1_182' title='bbox 1025 2813 1135 2874; x_wconf 90' lang='lat' dir='ltr'>studio</span> <span class='ocrx_word' id='word_1_183' title='bbox 1159 2813 1312 2894; x_wconf 86' lang='lat' dir='ltr'>contigit,</span> <span class='ocrx_word' id='word_1_184' title='bbox 1337 2820 1374 2873; x_wconf 91' lang='lat' dir='ltr'>ut</span> 
     </span>
     <span class='ocr_line' id='line_1_24' title="bbox 203 2917 1373 3000; baseline -0.001 -20"><span class='ocrx_word' id='word_1_185' title='bbox 203 2917 365 2980; x_wconf 92' lang='lat' dir='ltr'>Graecum</span> <span class='ocrx_word' id='word_1_186' title='bbox 390 2918 467 2981; x_wconf 89' lang='lat' dir='ltr'>illud</span> <span class='ocrx_word' id='word_1_187' title='bbox 492 2929 633 2980; x_wconf 91' lang='lat' dir='ltr'>metrum</span> <span class='ocrx_word' id='word_1_188' title='bbox 657 2919 806 2981; x_wconf 87' lang='lat' dir='ltr'>Romana</span> <span class='ocrx_word' id='word_1_189' title='bbox 835 2921 928 3000; x_wconf 91' lang='lat' dir='ltr'>quasi</span> <span class='ocrx_word' id='word_1_190' title='bbox 952 2921 1084 2980; x_wconf 88' lang='lat' dir='ltr'>civitate</span> <span class='ocrx_word' id='word_1_191' title='bbox 1109 2920 1288 2995; x_wconf 90' lang='lat' dir='ltr'>donarent;</span> <span class='ocrx_word' id='word_1_192' title='bbox 1317 2937 1373 2980; x_wconf 91' lang='lat' dir='ltr'>ne-</span> 
     </span>
     <span class='ocr_line' id='line_1_25' title="bbox 202 3026 1372 3108; baseline 0.001 -23"><span class='ocrx_word' id='word_1_193' title='bbox 202 3043 266 3104; x_wconf 93' lang='lat' dir='ltr'>que</span> <span class='ocrx_word' id='word_1_194' title='bbox 300 3036 412 3087; x_wconf 90' lang='lat' dir='ltr'>tamen</span> <span class='ocrx_word' id='word_1_195' title='bbox 447 3027 543 3101; x_wconf 92' lang='lat' dir='ltr'>adeo,</span> <span class='ocrx_word' id='word_1_196' title='bbox 568 3037 604 3088; x_wconf 93' lang='lat' dir='ltr'>ut</span> <span class='ocrx_word' id='word_1_197' title='bbox 636 3027 692 3106; x_wconf 93' lang='lat' dir='ltr'>qui</span> <span class='ocrx_word' id='word_1_198' title='bbox 722 3027 906 3087; x_wconf 91' lang='lat' dir='ltr'>accuratius</span> <span class='ocrx_word' id='word_1_199' title='bbox 938 3027 1155 3108; x_wconf 85' lang='lat' dir='ltr'>indagaverit,</span> <span class='ocrx_word' id='word_1_200' title='bbox 1188 3027 1307 3105; x_wconf 92' lang='lat' dir='ltr'>quibus</span> <span class='ocrx_word' id='word_1_201' title='bbox 1340 3026 1372 3086; x_wconf 91' lang='lat' dir='ltr'>in</span> 
     </span>
     <span class='ocr_line' id='line_1_26' title="bbox 200 3134 1101 3214; baseline 0.001 -21"><span class='ocrx_word' id='word_1_202' title='bbox 200 3135 359 3214; x_wconf 87' lang='lat' dir='ltr'>angustiis</span> <span class='ocrx_word' id='word_1_203' title='bbox 384 3153 483 3212; x_wconf 88' lang='lat' dir='ltr'>saepe</span> <span class='ocrx_word' id='word_1_204' title='bbox 507 3135 572 3194; x_wconf 91' lang='lat' dir='ltr'>sint</span> <span class='ocrx_word' id='word_1_205' title='bbox 597 3134 727 3211; x_wconf 89' lang='lat' dir='ltr'>versati,</span> <span class='ocrx_word' id='word_1_206' title='bbox 752 3152 817 3194; x_wconf 93' lang='lat' dir='ltr'>non</span> <span class='ocrx_word' id='word_1_207' title='bbox 843 3134 1032 3213; x_wconf 87' lang='lat' dir='ltr'>perspiciat.</span> <span class='ocrx_word' id='word_1_208' title='bbox 1058 3169 1101 3179; x_wconf 92' lang='lat'>-</span> 
     </span>
    </p>

    <p class='ocr_par' dir='ltr' id='par_1_4' title="bbox 201 3237 1373 3428">
     <span class='ocr_line' id='line_1_27' title="bbox 259 3237 1373 3321; baseline 0 -21"><span class='ocrx_word' id='word_1_209' title='bbox 259 3250 263 3258; x_wconf 90' lang='grc'><em>“</em></span> <span class='ocrx_word' id='word_1_210' title='bbox 290 3237 418 3318; x_wconf 82' lang='lat' dir='ltr'>Quibus</span> <span class='ocrx_word' id='word_1_211' title='bbox 447 3241 606 3321; x_wconf 89' lang='lat' dir='ltr'>angustiis</span> <span class='ocrx_word' id='word_1_212' title='bbox 632 3248 766 3319; x_wconf 92' lang='lat' dir='ltr'>poetam</span> <span class='ocrx_word' id='word_1_213' title='bbox 790 3259 909 3301; x_wconf 92' lang='lat' dir='ltr'>novam</span> <span class='ocrx_word' id='word_1_214' title='bbox 936 3250 968 3302; x_wconf 99' lang='lat' dir='ltr'>et</span> <span class='ocrx_word' id='word_1_215' title='bbox 998 3240 1178 3301; x_wconf 91' lang='lat' dir='ltr'>inauditam</span> <span class='ocrx_word' id='word_1_216' title='bbox 1202 3240 1373 3301; x_wconf 89' lang='lat' dir='ltr'>materiam</span> 
     </span>
     <span class='ocr_line' id='line_1_28' title="bbox 201 3345 1201 3428; baseline 0 -21"><span class='ocrx_word' id='word_1_217' title='bbox 201 3356 398 3407; x_wconf 87' lang='lat' dir='ltr'>tractantem</span> <span class='ocrx_word' id='word_1_218' title='bbox 424 3345 518 3407; x_wconf 90' lang='lat' dir='ltr'>valde</span> <span class='ocrx_word' id='word_1_219' title='bbox 544 3356 702 3408; x_wconf 89' lang='lat' dir='ltr'>vexatum</span> <span class='ocrx_word' id='word_1_220' title='bbox 728 3367 801 3409; x_wconf 92' lang='lat' dir='ltr'>esse</span> <span class='ocrx_word' id='word_1_221' title='bbox 827 3348 900 3428; x_wconf 93' lang='lat' dir='ltr'>quis</span> <span class='ocrx_word' id='word_1_222' title='bbox 925 3358 976 3409; x_wconf 91' lang='lat' dir='ltr'>est</span> <span class='ocrx_word' id='word_1_223' title='bbox 1001 3349 1055 3427; x_wconf 94' lang='lat' dir='ltr'>qui</span> <span class='ocrx_word' id='word_1_224' title='bbox 1081 3346 1201 3428; x_wconf 90' lang='lat' dir='ltr'>neget?</span> 
     </span>
    </p>

    <p class='ocr_par' dir='ltr' id='par_1_5' title="bbox 200 3452 1373 4050">
     <span class='ocr_line' id='line_1_29' title="bbox 290 3452 1373 3534; baseline 0.003 -22"><span class='ocrx_word' id='word_1_225' title='bbox 290 3452 402 3531; x_wconf 93' lang='lat' dir='ltr'>Atque</span> <span class='ocrx_word' id='word_1_226' title='bbox 434 3472 478 3512; x_wconf 90' lang='lat' dir='ltr'>ex</span> <span class='ocrx_word' id='word_1_227' title='bbox 508 3473 569 3514; x_wconf 91' lang='lat' dir='ltr'>usu</span> <span class='ocrx_word' id='word_1_228' title='bbox 601 3473 674 3514; x_wconf 91' lang='lat' dir='ltr'>esse</span> <span class='ocrx_word' id='word_1_229' title='bbox 705 3473 827 3515; x_wconf 90' lang='lat' dir='ltr'>censeo</span> <span class='ocrx_word' id='word_1_230' title='bbox 858 3454 1023 3514; x_wconf 91' lang='lat' dir='ltr'>recordari</span> <span class='ocrx_word' id='word_1_231' title='bbox 1053 3473 1105 3528; x_wconf 86' lang='lat' dir='ltr'>ea,</span> <span class='ocrx_word' id='word_1_232' title='bbox 1134 3473 1218 3534; x_wconf 92' lang='lat' dir='ltr'>quae</span> <span class='ocrx_word' id='word_1_233' title='bbox 1242 3455 1373 3532; x_wconf 91' lang='lat' dir='ltr'>scripsit</span> 
     </span>
     <span class='ocr_line' id='line_1_30' title="bbox 202 3556 1372 3642; baseline 0.002 -22"><span class='ocrx_word' id='word_1_234' title='bbox 202 3558 358 3621; x_wconf 89' lang='lat' dir='ltr'>Loersius</span> <span class='ocrx_word' id='word_1_235' title='bbox 390 3557 422 3642; x_wconf 80' lang='lat' dir='ltr'>(l.</span> <span class='ocrx_word' id='word_1_236' title='bbox 440 3561 491 3642; x_wconf 82' lang='lat' dir='ltr'>l.):</span> <span class='ocrx_word' id='word_1_237' title='bbox 528 3556 617 3637; x_wconf 82' lang='lat' dir='ltr'>Quid</span> <span class='ocrx_word' id='word_1_238' title='bbox 648 3581 667 3620; x_wconf 95' lang='lat' dir='ltr'>a</span> <span class='ocrx_word' id='word_1_239' title='bbox 696 3562 808 3622; x_wconf 90' lang='lat' dir='ltr'>critica</span> <span class='ocrx_word' id='word_1_240' title='bbox 840 3561 1009 3640; x_wconf 89' lang='lat' dir='ltr'>expectari</span> <span class='ocrx_word' id='word_1_241' title='bbox 1039 3571 1165 3640; x_wconf 91' lang='lat' dir='ltr'>potest,</span> <span class='ocrx_word' id='word_1_242' title='bbox 1196 3581 1280 3641; x_wconf 90' lang='lat' dir='ltr'>quae</span> <span class='ocrx_word' id='word_1_243' title='bbox 1304 3580 1372 3622; x_wconf 93' lang='lat' dir='ltr'>non</span> 
     </span>
     <span class='ocr_line' id='line_1_31' title="bbox 200 3667 1373 3748; baseline 0.001 -21"><span class='ocrx_word' id='word_1_244' title='bbox 200 3676 290 3727; x_wconf 87' lang='lat' dir='ltr'>certa</span> <span class='ocrx_word' id='word_1_245' title='bbox 313 3667 365 3727; x_wconf 90' lang='lat' dir='ltr'>via</span> <span class='ocrx_word' id='word_1_246' title='bbox 383 3687 421 3727; x_wconf 91' lang='lat' dir='ltr'>ac</span> <span class='ocrx_word' id='word_1_247' title='bbox 446 3668 573 3729; x_wconf 89' lang='lat' dir='ltr'>ratione</span> <span class='ocrx_word' id='word_1_248' title='bbox 597 3687 792 3747; x_wconf 90' lang='lat' dir='ltr'>summaque</span> <span class='ocrx_word' id='word_1_249' title='bbox 814 3669 996 3729; x_wconf 87' lang='lat' dir='ltr'>reverentia</span> <span class='ocrx_word' id='word_1_250' title='bbox 1017 3668 1223 3748; x_wconf 91' lang='lat' dir='ltr'>antiquitatis</span> <span class='ocrx_word' id='word_1_251' title='bbox 1242 3677 1277 3728; x_wconf 95' lang='lat' dir='ltr'>et</span> <span class='ocrx_word' id='word_1_252' title='bbox 1297 3687 1373 3729; x_wconf 91' lang='lat' dir='ltr'>auc-</span> 
     </span>
     <span class='ocr_line' id='line_1_32' title="bbox 200 3774 1372 3854; baseline 0 -20"><span class='ocrx_word' id='word_1_253' title='bbox 200 3775 342 3835; x_wconf 88' lang='lat' dir='ltr'>toritatis</span> <span class='ocrx_word' id='word_1_254' title='bbox 373 3775 537 3835; x_wconf 92' lang='lat' dir='ltr'>bonorum</span> <span class='ocrx_word' id='word_1_255' title='bbox 569 3785 717 3835; x_wconf 88' lang='lat' dir='ltr'>veterum</span> <span class='ocrx_word' id='word_1_256' title='bbox 741 3775 912 3849; x_wconf 92' lang='lat' dir='ltr'>librorum,</span> <span class='ocrx_word' id='word_1_257' title='bbox 945 3774 1003 3835; x_wconf 89' lang='lat' dir='ltr'>sed</span> <span class='ocrx_word' id='word_1_258' title='bbox 1029 3776 1173 3836; x_wconf 91' lang='lat' dir='ltr'>obscuro</span> <span class='ocrx_word' id='word_1_259' title='bbox 1197 3776 1309 3854; x_wconf 91' lang='lat' dir='ltr'>potius</span> <span class='ocrx_word' id='word_1_260' title='bbox 1334 3793 1372 3835; x_wconf 92' lang='lat' dir='ltr'>ac</span> 
     </span>
     <span class='ocr_line' id='line_1_33' title="bbox 200 3878 1373 3962; baseline 0.002 -22"><span class='ocrx_word' id='word_1_261' title='bbox 200 3878 306 3941; x_wconf 85' lang='lat' dir='ltr'>lallaci</span> <span class='ocrx_word' id='word_1_262' title='bbox 338 3881 483 3960; x_wconf 89' lang='lat' dir='ltr'>quodam</span> <span class='ocrx_word' id='word_1_263' title='bbox 515 3880 696 3962; x_wconf 90' lang='lat' dir='ltr'>elegantiae</span> <span class='ocrx_word' id='word_1_264' title='bbox 728 3901 827 3942; x_wconf 89' lang='lat' dir='ltr'>sensu</span> <span class='ocrx_word' id='word_1_265' title='bbox 851 3901 918 3942; x_wconf 93' lang='lat' dir='ltr'>non</span> <span class='ocrx_word' id='word_1_266' title='bbox 943 3882 1014 3942; x_wconf 92' lang='lat' dir='ltr'>sine</span> <span class='ocrx_word' id='word_1_267' title='bbox 1038 3882 1256 3944; x_wconf 90' lang='lat' dir='ltr'>immoderato</span> <span class='ocrx_word' id='word_1_268' title='bbox 1281 3881 1373 3942; x_wconf 93' lang='lat' dir='ltr'>novi·</span> 
     </span>
     <span class='ocr_line' id='line_1_34' title="bbox 200 3984 1098 4050; baseline 0.001 -3"><span class='ocrx_word' id='word_1_269' title='bbox 200 3987 277 4048; x_wconf 90' lang='lat' dir='ltr'>tatis</span> <span class='ocrx_word' id='word_1_270' title='bbox 302 3997 335 4048; x_wconf 88' lang='lat' dir='ltr'>et</span> <span class='ocrx_word' id='word_1_271' title='bbox 359 3987 543 4049; x_wconf 91' lang='lat' dir='ltr'>doctrinam</span> <span class='ocrx_word' id='word_1_272' title='bbox 569 3988 758 4050; x_wconf 90' lang='lat' dir='ltr'>ostentandi</span> <span class='ocrx_word' id='word_1_273' title='bbox 783 3989 893 4049; x_wconf 92' lang='lat' dir='ltr'>studio</span> <span class='ocrx_word' id='word_1_274' title='bbox 918 3984 1098 4050; x_wconf 79' lang='lat' dir='ltr'>ducatur.⁵6</span> 
     </span>
    </p>

    <p class='ocr_par' dir='ltr' id='par_1_6' title="bbox 201 4091 1371 4281">
     <span class='ocr_line' id='line_1_35' title="bbox 278 4091 1370 4175; baseline -0.001 -19"><span class='ocrx_word' id='word_1_275' title='bbox 278 4093 386 4173; x_wconf 81' lang='lat' dir='ltr'>Quam</span> <span class='ocrx_word' id='word_1_276' title='bbox 404 4104 499 4155; x_wconf 92' lang='lat' dir='ltr'>caute</span> <span class='ocrx_word' id='word_1_277' title='bbox 516 4105 627 4155; x_wconf 89' lang='lat' dir='ltr'>autem</span> <span class='ocrx_word' id='word_1_278' title='bbox 642 4096 674 4154; x_wconf 93' lang='lat' dir='ltr'>in</span> <span class='ocrx_word' id='word_1_279' title='bbox 692 4094 887 4173; x_wconf 92' lang='lat' dir='ltr'>corruptelis</span> <span class='ocrx_word' id='word_1_280' title='bbox 904 4096 1088 4157; x_wconf 91' lang='lat' dir='ltr'>statuendis</span> <span class='ocrx_word' id='word_1_281' title='bbox 1104 4095 1270 4175; x_wconf 92' lang='lat' dir='ltr'>agendum</span> <span class='ocrx_word' id='word_1_282' title='bbox 1284 4091 1370 4169; x_wconf 79' lang='lat' dir='ltr'>sit⁵⁷,</span> 
     </span>
     <span class='ocr_line' id='line_1_36' title="bbox 201 4201 1371 4281; baseline 0.001 -20"><span class='ocrx_word' id='word_1_283' title='bbox 201 4204 227 4262; x_wconf 91' lang='lat' dir='ltr'>si</span> <span class='ocrx_word' id='word_1_284' title='bbox 260 4203 315 4281; x_wconf 92' lang='lat' dir='ltr'>qui</span> <span class='ocrx_word' id='word_1_285' title='bbox 347 4202 556 4262; x_wconf 90' lang='lat' dir='ltr'>inveniuntur</span> <span class='ocrx_word' id='word_1_286' title='bbox 587 4220 700 4262; x_wconf 91' lang='lat' dir='ltr'>versus</span> <span class='ocrx_word' id='word_1_287' title='bbox 732 4201 850 4262; x_wconf 91' lang='lat' dir='ltr'>eodem</span> <span class='ocrx_word' id='word_1_288' title='bbox 881 4202 931 4263; x_wconf 91' lang='lat' dir='ltr'>vel</span> <span class='ocrx_word' id='word_1_289' title='bbox 964 4201 1059 4262; x_wconf 91' lang='lat' dir='ltr'>simili</span> <span class='ocrx_word' id='word_1_290' title='bbox 1090 4203 1191 4263; x_wconf 94' lang='lat' dir='ltr'>modo</span> <span class='ocrx_word' id='word_1_291' title='bbox 1221 4202 1289 4262; x_wconf 89' lang='lat' dir='ltr'>sive</span> <span class='ocrx_word' id='word_1_292' title='bbox 1313 4221 1371 4262; x_wconf 89' lang='lat' dir='ltr'>ex-</span> 
     </span>
    </p>
   </div>
   <div class='ocr_carea' id='block_1_3' title="bbox 0 0 1588 5048">
    <p class='ocr_par' dir='ltr' id='par_1_7' title="bbox 0 0 1588 5048">
     <span class='ocr_line' id='line_1_37' title="bbox 0 0 1588 5048; baseline 0 0"><span class='ocrx_word' id='word_1_293' title='bbox 0 0 1588 5048; x_wconf 95' lang='lat' dir='ltr'> </span> 
     </span>
    </p>
   </div>
  </div>
 </body>
</html>
