3166 5048
677 413 896 459 ...11-

202 630 301 673 mune
324 612 448 672 bonum
544 608 621 670 nihil
644 629 718 671 esse
735 619 817 689 puto
835 611 1086 674 immutandum.
1111 610 1156 674 Ut
1177 614 1264 675 enim
1285 615 1375 693 apud

202 717 333 779 Livium
356 736 395 777 ac
418 713 608 778 Sallustium
637 716 796 795 scriptum
820 717 971 784 videmus
1004 719 1147 781 «bonum
1171 719 1375 799 publicum»,

202 825 246 888 ita
275 824 364 904 apud
395 822 475 884 alios
499 825 678 902 scriptores
702 822 819 905 legitur
847 842 1043 886 «commune
1068 827 1225 888 bonum».
1272 824 1377 889 Velut

201 929 327 994 Seneca
357 929 399 991 de
428 931 498 991 otio
521 931 679 1009 sapientis
707 945 718 990 1
747 927 816 1012 (28)
839 946 862 1006 4
891 929 972 992 haec
996 929 1112 992 habet:
1145 930 1242 995 Certe
1267 931 1373 997 Stoici

201 1039 300 1100 vestri
323 1038 453 1100 dicunt:
479 1055 584 1117 usque
606 1037 649 1099 ad
673 1035 824 1099 ultimum
848 1039 935 1099 vitae
958 1037 1057 1099 finem
1081 1039 1113 1099 in
1138 1050 1213 1101 actu
1238 1040 1372 1116 erimus,

201 1164 268 1207 non
293 1145 482 1207 desinemus
511 1143 697 1205 «communi
720 1145 828 1205 bono»
857 1162 992 1223 operam
1016 1144 1104 1221 dare,
1128 1146 1283 1208 adiuvare
1307 1147 1372 1208 sin-

201 1251 312 1332 gulos,
351 1268 450 1329 opem
488 1249 571 1312 ferre
609 1251 708 1310 etiam
748 1250 901 1312 inimicis,
927 1260 988 1312 etc.
1047 1249 1146 1330 Apud
1180 1251 1375 1315 Lucretium

202 1357 364 1418 invenitur
385 1375 561 1418 commune
582 1356 707 1418 bonum
729 1355 849 1434 V458,
872 1376 971 1436 quem
993 1356 1102 1419 locum
1118 1357 1286 1420 Manilium
1306 1360 1377 1422 imi·

202 1472 307 1524 tatum
328 1482 402 1525 esse
424 1472 570 1543 apparet.
600 1461 728 1526 Seneca
750 1463 804 1536 (de
821 1462 995 1525 clementia
1009 1462 1050 1524 111
1065 1462 1098 1548 2)
1119 1466 1266 1543 scripsit:
1292 1466 1379 1526 inter

202 1589 274 1647 nos,
301 1571 356 1650 qui
378 1569 546 1631 hominem
562 1568 683 1631 sociale
706 1570 834 1645 animal,
860 1571 1066 1633 communi
1091 1573 1203 1633 bono
1227 1572 1377 1653 genitum

202 1677 304 1738 videri
336 1676 496 1741 volumus.
544 1674 617 1756 Ipse
649 1665 814 1756 Hauptius
844 1676 942 1738 allato
974 1696 1018 1739 ex
1048 1674 1104 1742 Sil.
1128 1676 1196 1740 ltal.
1222 1676 1282 1738 V11
1308 1677 1375 1754 336

202 1785 247 1845 ita
271 1783 393 1846 Manilii
417 1784 518 1846 verba
541 1785 725 1845 restituisse
749 1784 812 1845 sibi
835 1785 973 1860 videtur,
1003 1795 1039 1846 ut
1063 1784 1201 1846 scribat:
1226 1785 1260 1845 in
1284 1803 1375 1846 com-

202 1909 301 1953 mune
325 1892 450 1953 bonurn
475 1891 655 1951 commenti
680 1889 764 1952 laeta
787 1891 960 1957 dederunt.

290 1995 358 2059 Sed
386 2017 427 2058 ne
451 1995 592 2058 formam
619 2007 895 2072 «commentum»,
919 2017 1017 2077 quam
1041 1997 1163 2058 habent
1187 1997 1320 2059 codices
1345 1996 1378 2063 G

202 2112 235 2164 et
259 2100 325 2164 L²6
349 2105 393 2165 ita
417 2101 644 2179 defendamus,
673 2105 720 2164 uti
744 2105 934 2185 genetivum
958 2103 1089 2183 pluralis
1114 2123 1188 2166 esse
1212 2103 1372 2178 dicamus,

202 2211 304 2291 ipsius
335 2210 430 2273 huius
461 2208 586 2272 formae
617 2210 832 2291 ambiguitate
857 2229 1039 2271 monemur.
1087 2208 1246 2272 Attamen
1270 2229 1376 2271 com·

203 2326 383 2379 mentum
416 2316 614 2379 servandum
647 2328 707 2383 est.
754 2315 839 2378 Nam
857 2318 1017 2400 ¹quisquis
1048 2316 1090 2378 de
1121 2317 1153 2379 vi
1183 2327 1283 2396 atque
1314 2336 1378 2378 usu

203 2423 297 2485 huius
321 2425 412 2486 vocis
436 2422 596 2486 evolverit
621 2424 799 2503 scriptores
826 2421 924 2508 [Flor.
954 2439 980 2499 1,
1010 2439 1058 2499 11,
1086 2440 1121 2500 23
1146 2422 1220 2503 Ulp.
1239 2423 1304 2505 dig.
1323 2438 1378 2502 27,

202 2547 233 2610 9,
258 2546 295 2608 9;
325 2530 442 2610 Justin.
467 2546 518 2606 21,
548 2546 579 2606 4,
613 2546 630 2607 3
656 2540 690 2591 et
715 2548 766 2606 22,
797 2547 836 2608 4;
867 2530 939 2597 Liv.
964 2529 976 2591 l
1004 2546 1059 2608 19;
1091 2529 1181 2593 Suet.
1205 2529 1308 2610 Vesp.
1338 2531 1378 2592 18

203 2643 441 2713 (commentum
473 2637 722 2716 mechanicum),
755 2637 824 2702 Ser.
849 2637 952 2699 Andr.
982 2654 1008 2713 1,
1041 2652 1070 2714 3,
1103 2652 1145 2698 20
1169 2634 1262 2720 (ipsis
1287 2656 1379 2698 com·

204 2754 352 2806 mentum
376 2741 550 2826 placebat),
577 2742 645 2808 Cic.
666 2754 731 2806 nat.
750 2745 831 2807 deor
855 2743 881 2805 ΙΙ
907 2761 942 2820 2;
968 2744 1116 2819 Plinn,
1144 2744 1194 2823 56,
1224 2761 1234 2804 1
1264 2756 1298 2805 et
1323 2755 1377 2821 35,

202 2863 257 2928 47,
294 2867 326 2926 1;
358 2847 434 2914 Sen.
460 2851 554 2930 epist.
579 2866 633 2928 90,
666 2863 704 2928 25
738 2849 983 2934 (vilissimorum
1014 2851 1253 2930 mancipiorum
1285 2868 1377 2911 com-

204 2954 386 3041 menta2⁷)],
415 2958 447 3019 in
478 2977 517 3018 ea
546 2957 623 3018 nihil
654 2957 705 3019 hic
736 2958 848 3020 mendi
876 2977 984 3038 neque
1010 2958 1100 3037 quod
1125 2957 1301 3018 offensioni
1324 2956 1379 3031 sit,

204 3043 324 3126 inesse
347 3063 569 3140 confitebitur,
608 3066 800 3143 praesertim
838 3065 865 3126 si
905 3084 1020 3126 secum
1056 3064 1255 3143 reputaverit
1289 3062 1379 3124 haud

204 3172 249 3232 ita
279 3189 352 3231 raro
375 3180 492 3250 poetas
523 3191 561 3233 ea
591 3173 838 3233 constructione
865 3172 922 3246 uti,
951 3162 1035 3250 qua‘e
1060 3169 1190 3233 Graeco
1213 3167 1376 3230 vocabulo

205 3277 397 3362 πλεονασμός
442 3276 633 3356 appellatur.
691 3277 804 3358 ¹Atque
851 3279 950 3340 etiam
997 3277 1195 3338 adiectivum
1237 3272 1380 3337 laeti²⁸

205 3384 521 3464 opportunissimum
545 3403 619 3446 esse
643 3385 716 3464 quis
740 3385 859 3467 neget?
906 3382 1151 3463 Quodcumque
1176 3383 1263 3443 enim
1288 3401 1380 3443 com-

205 3500 354 3552 mentum
378 3501 524 3570 pectora,
556 3501 592 3553 ut
615 3492 661 3552 ait
685 3501 794 3570 poeta,
827 3511 912 3571 quae
936 3492 967 3551 in
993 3492 1097 3553 varias
1122 3509 1216 3551 curas
1240 3488 1380 3550 seducta

204 3606 421 3673 certaverunt,
452 3598 675 3679 excogitando
706 3607 935 3677 reppererunt,
969 3597 1002 3658 id
1034 3597 1118 3660 laeta
1149 3596 1313 3658 dederunt
1344 3596 1378 3656 in

204 3722 380 3765 commune
405 3706 540 3779 bonum,
566 3706 585 3771 i.
604 3724 631 3770 e.
650 3706 819 3766 communi
843 3706 991 3766 omnium
1016 3704 1112 3766 saluti
1137 3703 1376 3782 impertierunt.

204 3809 254 3871 Ac
278 3829 320 3872 ne
337 3810 503 3872 Bentleius
528 3812 662 3891 quidem
683 3812 862 3873 commenti
885 3829 1000 3872 vocem
1022 3809 1170 3872 inutilem
1189 3829 1262 3871 esse
1282 3808 1377 3882 dixit,

205 3916 264 3977 sed
297 3917 496 3979 adiectivum
529 3918 654 3980 bonum
687 3918 834 3982 mutavit.
889 3916 1022 3979 Falsum
1055 3917 1152 3999 igitur
1186 3926 1251 3990 est,
1285 3914 1379 3994 quod

205 4022 417 4085 Housmanus
442 4023 619 4086 fabricatus
644 4036 708 4087 est:

295 4130 527 4210 quodcumque
542 4181 637 4197 .....

525 4250 713 4300 commenta
737 4238 822 4299 elata
846 4238 1017 4302 dederunt.
