3166 5048
687 357 904 424 -„-

299 556 616 639 Kleinguentherum
645 576 723 619 vero
750 567 941 619 constanter
965 566 1054 618 certe
1078 576 1147 618 rem
1172 576 1239 619 non
1263 568 1383 621 tracta-

210 663 296 725 visse
320 665 398 724 mihi
422 673 474 727 est
498 683 710 744 persuasum:
743 683 819 725 nam
844 664 935 744 quod
959 664 991 724 in
1016 683 1069 724 me
1094 664 1314 743 reprehendit,
1343 703 1377 710 —

210 779 335 832 sortem
359 789 438 832 sane
461 770 637 850 tragicam!
663 771 800 848 -ipse
826 769 957 831 videtur
980 771 1179 849 peccavisse.
1214 769 1381 852 Suspicor,

210 877 314 957 inquit
338 876 384 959 (p.
407 892 446 938 10
469 886 502 938 et
524 875 585 957 11),
617 886 752 955 poetam
784 877 854 938 sine
884 876 987 938 dubio
1018 878 1083 938 iam
1115 876 1244 960 longius
1273 888 1383 940 aetate

209 992 403 1062 provectum
434 992 467 1044 et
499 984 591 1062 quasi
621 985 655 1045 in
678 983 789 1044 limine
813 991 969 1044 senectae
993 993 1153 1059 stantem,
1179 1003 1254 1046 cum
1277 996 1383 1048 astro·

208 1090 340 1151 nomica
357 1090 531 1168 incohavit,
553 1099 608 1153 aut
631 1091 774 1152 subitam
794 1100 936 1152 mortem
958 1089 1080 1166 obisse,
1102 1082 1280 1171 postquam
1298 1091 1383 1153 intra

207 1197 469 1277 quinquennium
485 1195 557 1277 plus
570 1206 727 1277 quattuor
740 1195 827 1258 milia
841 1215 994 1258 versuum
1008 1197 1134 1276 panxit,
1148 1207 1204 1259 aut
1217 1194 1380 1280 Auguste,

207 1303 250 1364 ad
274 1321 374 1384 quem
397 1303 528 1382 patroni
552 1303 704 1364 carminis
728 1302 890 1365 honorem
913 1301 1059 1364 delatum
1076 1323 1150 1365 esse
1172 1306 1251 1366 satis
1268 1325 1381 1385 super-

209 1427 272 1488 que
306 1410 517 1471 manifestum
551 1418 617 1484 est,
655 1410 720 1470 vita
753 1408 913 1472 defuncto
944 1408 1145 1490 Tiberioque
1179 1412 1382 1473 succedente

208 1529 307 1595 opere
332 1516 557 1579 continuando
581 1526 615 1579 et
638 1517 681 1578 ad
701 1515 801 1577 finem
817 1516 1032 1596 perducendo
1048 1518 1184 1579 omnino
1201 1517 1378 1595 destitisse,

208 1624 269 1684 nisi
290 1623 377 1684 forte
396 1622 601 1685 librariorum
622 1622 718 1702 culpa
739 1623 789 1684 vel
811 1622 881 1685 alio'
895 1642 974 1685 casu
994 1643 1079 1703 opus
1098 1644 1173 1685 esse
1192 1634 1380 1686 truncatum

207 1730 394 1791 coniectare
424 1729 525 1795 lubet.
573 1728 730 1791 Fortasse
759 1732 858 1791 etiam
883 1729 1034 1792 Manilius
1059 1731 1091 1792 in
1115 1750 1252 1792 numero
1276 1742 1380 1793 astro-

207 1834 355 1917 logorum
380 1838 455 1898 sive
473 1836 782 1899 mathematicorum
805 1835 880 1912 luit,
906 1839 962 1916 qui
986 1838 1048 1898 sub
1074 1836 1208 1899 Tiberio
1232 1839 1381 1918 principe

208 1942 297 2004 Italia
321 1945 411 2005 exire
436 1945 543 2005 coacti
565 1954 653 2009 sunt.

297 2049 390 2111 Haec
416 2051 526 2111 omnia
550 2069 659 2111 mera
683 2051 874 2112 coniectura
897 2051 944 2111 vir
961 2051 1080 2112 doctus
1102 2061 1301 2112 consecutus
1318 2061 1378 2124 est,

208 2175 307 2236 quam
339 2156 417 2218 mihi
448 2157 628 2236 opprobrio
655 2157 766 2217 datam
790 2177 864 2218 esse
889 2159 953 2219 scis
979 2158 1117 2236 eiusque
1141 2159 1212 2237 ipse
1236 2160 1379 2220 necessi-

206 2271 310 2323 tatem
334 2263 512 2325 confitetur
535 2264 583 2324 sic
607 2262 754 2325 locutus:
789 2262 893 2325 Vides
918 2263 1015 2344 igitur
1038 2263 1080 2324 ad
1105 2264 1379 2326 coniecturas

206 2369 330 2431 nobis
354 2389 449 2431 esse
472 2370 822 2452 confugiendum,
842 2350 927 2431 dum
952 2389 1038 2432 nova
1061 2370 1268 2451 detegantur,
1294 2390 1378 2451 quae

206 2473 316 2538 lumen
342 2476 494 2538 afferunt.
542 2475 659 2557 Neque
683 2487 794 2539 tamen
820 2477 957 2553 issum,
983 2478 1038 2558 qui
1063 2476 1377 2559 Kleinguentherum

207 2583 252 2644 ob
269 2582 302 2644 id
317 2583 426 2662 ipsum
442 2584 538 2645 nimis
555 2584 749 2664 vituperem,
767 2585 922 2664 quoniam
940 2583 1033 2646 multi
1049 2585 1082 2646 in
1099 2602 1172 2647 eam
1188 2586 1379 2664 opinionem

206 2688 439 2766 discesserunt,
465 2702 510 2767 ut,
536 2692 813 2770 quotiescumque
838 2701 928 2752 certa
945 2691 1088 2771 quadam
1107 2692 1249 2754 sontium
1265 2701 1379 2754 aucto-

206 2796 302 2859 ritate
326 2816 521 2866 careremus.
546 2799 746 2860 coniecturis
766 2816 851 2876 opus
871 2818 944 2859 esse
964 2808 1159 2862 assererent.
1190 2797 1264 2877 Qua
1285 2798 1379 2861 dere

204 2901 342 2966 Birtium
367 2904 448 2965 haec
473 2905 645 2983 scripsisse
660 2914 812 2966 autumo:
839 2903 890 2965 Da
913 2924 964 2966 wo
987 2904 1041 2966 die
1059 2892 1310 2985 [lberlieferung
1328 2905 1379 2965 fi'rr

205 3010 259 3070 ein
289 3008 506 3072 literarisches
531 3011 721 3073 Phinomen
746 3011 798 3072 die
823 3009 1180 3092 Entstehungsgriinde
1204 3010 1295 3072 nicht
1320 3011 1378 3071 mit

205 3115 342 3198 vorlegt,
368 3118 410 3179 ist
434 3117 487 3179 die
504 3116 747 3179 Wissenschaft
772 3119 826 3179 die
841 3117 1038 3197 Hypothese
1063 3137 1103 3178 an
1128 3118 1182 3179 die
1197 3115 1298 3178 Stelle
1319 3117 1378 3178 der

205 3220 369 3285 Tatsache
393 3243 432 3284 zu
456 3233 569 3286 setzen
593 3224 799 3304 verpflichtet
822 3220 923 3307 (Zwei
947 3224 1038 3304 polit.
1056 3223 1186 3288 Satiren
1211 3223 1270 3285 des
1289 3223 1377 3285 alten

204 3327 300 3404 Rom,
325 3329 428 3392 Marb.
448 3329 556 3393 Chatt.
578 3332 662 3408 1889
686 3351 717 3411 p.
740 3347 801 3407 124
812 3328 884 3414 sq).
909 3366 953 3374 -

777 3525 806 3576 2.

293 3630 344 3693 De
368 3631 480 3693 divino
504 3633 809 3712 imperatorum
838 3633 955 3696 cultu
984 3644 1018 3695 et
1048 3635 1096 3696 de
1120 3635 1228 3696 astri
1252 3633 1376 3695 solis-

204 3757 279 3818 que
298 3738 478 3813 vocibus,
497 3740 634 3818 quaein
654 3741 1039 3820 comparationibus,
1063 3760 1145 3822 quas
1161 3739 1374 3820 appellamus,

202 3845 422 3921 inveniuntur,
447 3844 519 3907 libri
542 3847 689 3908 nonnulli
712 3845 942 3917 laudabuntur,
966 3867 1050 3928 quos
1073 3857 1172 3908 antea
1196 3866 1263 3907 non
1285 3846 1372 3908 adie-

203 3971 321 4013 ramus.
368 3951 528 4032 Imprimis
552 3963 663 4014 autem
696 3953 847 4016 conseras
881 3974 1018 4017 necesse
1048 3964 1109 4029 est,
1146 3974 1231 4034 quae
1263 3952 1375 4015 subtili

204 4059 336 4140 ingenio
365 4060 521 4139 exposuit
544 4059 713 4122 Usenerus
746 4071 779 4122 et
807 4062 840 4122 in
868 4081 909 4122 eo
938 4061 1032 4138 libro,
1057 4062 1150 4124 cuius
1185 4058 1299 4122 titulus
1323 4070 1374 4121 est

204 4164 613 4250 religionsgeschichtliche
638 4166 938 4249 Untersuchungen
961 4188 992 4247 p.
1016 4168 1027 4229 Ι
1052 4165 1374 4252 (Weihnachtsfest),

1269 4313 1295 4354 ,⁴
