3166 5048
658 404 857 467 ,9-

263 602 545 682 Interrogantibus
584 613 695 664 autem
730 603 809 683 quid
841 604 885 666 sit
916 603 1098 666 ulterius
1134 606 1346 684 cognoscere,

173 710 218 771 ita
235 707 417 788 respondet
433 708 481 769 vir
497 707 627 784 doctus,
652 710 700 771 uti
716 709 876 790 explicet:
902 709 985 771 ultra
1004 720 1107 772 terras
1124 710 1346 792 cognitionem

173 815 320 896 prolerre
352 820 400 891 (to
425 816 550 877 extend
574 815 623 877 his
651 815 846 898 knowledge
870 817 1004 896 beyond
1029 817 1085 878 the
1108 817 1219 891 Barth,
1244 815 1345 892 Ellis).

263 955 363 1036 Quod
402 977 481 1019 vero
521 957 647 1020 Bentlei
693 960 917 1021 coniecturam
963 958 1050 1021 haud
1094 959 1192 1020 dubie
1233 957 1347 1021 lalsam

173 1063 387 1126 Housmanus
419 1065 462 1126 ob
487 1061 610 1126 eam¹8
634 1084 777 1139 causam,
809 1065 901 1145 quod
925 1087 956 1128 v.
982 1081 1033 1142 31.
1058 1067 1158 1127 verba
1188 1064 1346 1127 caelum

174 1171 357 1233 interius
389 1181 569 1250 sequantur
593 1172 844 1251 improbabilem
868 1182 972 1252 putat,
1005 1182 1100 1261 errat,
1133 1173 1165 1236 id
1190 1172 1280 1252 quod
1304 1192 1348 1233 ex

177 1280 226 1354 iis,
252 1297 335 1357 quae
360 1278 403 1339 de
427 1278 655 1340 iterationibus
680 1277 762 1339 inlra
786 1288 981 1354 statuemus,
1011 1278 1083 1340 luce
1106 1279 1222 1340 clarius
1246 1298 1346 1358 appa·

176 1385 270 1447 rebit.
310 1383 439 1445 Erravit
463 1384 563 1445 etiam
588 1383 742 1461 Krollius,
768 1404 867 1465 quem
891 1395 980 1447 recte
1006 1385 1092 1446 hunc
1117 1384 1226 1447 locum
1251 1386 1347 1446 inter-

175 1500 340 1570 pretatum
371 1510 445 1552 esse
476 1509 650 1552 censemus
680 1487 777 1574 (Mus.
802 1491 906 1558 Rhen.
931 1501 954 1558 t,
979 1491 1049 1567 LX,
1086 1503 1178 1570 1905,
1211 1511 1242 1571 p.
1263 1491 1348 1572 559),

175 1616 250 1659 cum
275 1598 316 1658 ab
341 1598 495 1659 omnibus
520 1616 596 1659 eum
621 1599 885 1680 interrogationis
910 1599 1005 1680 signo
1028 1618 1047 1659 a
1071 1599 1189 1660 ceteris
1207 1598 1350 1677 separari

176 1704 301 1766 diceret
332 1704 421 1784 (man
452 1702 533 1765 lasst
564 1702 624 1780 125
653 1703 879 1784 allgemein
910 1705 957 1767 als
981 1702 1109 1789 Frage).
1156 1705 1241 1766 Nam
1273 1703 1350 1765 olim

176 1807 364 1871 Barthius¹9
396 1809 562 1891 vulgarem
592 1809 783 1886 lectionem,
823 1830 921 1891 quam
959 1822 1147 1891 corruptam
1178 1810 1349 1890 increpuit,

176 1917 398 1998 interrogandi
437 1928 516 1978 nota
557 1917 748 1996 impeditam
788 1937 861 1978 esse
893 1918 993 1992 dixit;
1032 1927 1132 1998 atque
1175 1926 1252 1978 ante
1289 1916 1351 1978 hos

176 2024 403 2103 duodeviginti
433 2043 538 2085 annos
563 2023 596 2089 P,
615 2021 761 2086 Thomas
773 2021 801 2059 ²⁰
832 2027 864 2086 in
894 2024 1046 2099 libellulo,
1079 2025 1135 2103 qui
1166 2024 1352 2085 inscribitur

178 2130 425 2192 lucubrationes
449 2121 643 2191 Manilianae
676 2130 808 2205 (recueil
840 2131 882 2192 de
912 2141 1050 2192 travaux
1081 2128 1209 2210 publies
1241 2150 1299 2209 par
1322 2128 1352 2190 la

179 2235 300 2298 faculte
324 2236 365 2298 de
390 2235 596 2316 philosophie
621 2246 655 2298 et
678 2236 801 2312 lettres,
832 2246 874 2298 1er
894 2237 1057 2313 lascicule,
1083 2236 1234 2299 Gandavi
1258 2237 1350 2311 1888,

179 2362 210 2421 p.
233 2359 244 2403 1
272 2352 305 2403 et
331 2340 363 2424 2)
389 2360 487 2422 quem
510 2342 591 2419 (scil.
610 2344 784 2418 mundum)
808 2363 881 2405 esse
905 2363 972 2406 non
991 2345 1271 2424 interrogativum,
1293 2342 1351 2404 sed

179 2449 350 2510 relativum
375 2468 558 2529 pronomen
583 2460 731 2511 statuens
752 2486 796 2493 -
817 2450 1073 2512 assentientibus
1097 2470 1173 2512 cum
1192 2450 1261 2511 aliis
1281 2459 1352 2511 turn

179 2556 381 2638 Rossbergio
405 2565 438 2617 et
455 2553 637 2617 Breitero²¹
662 2591 705 2599 —
728 2567 864 2635 punct0‚
890 2557 980 2636 quod
997 2567 1127 2632 vocant,
1153 2557 1352 2619 sententiam

179 2662 293 2725 finivit.
341 2660 417 2741 Quo
442 2663 529 2724 lacto
554 2682 665 2724 veram
689 2664 996 2742 interpretationem
1020 2665 1181 2726 exsistere
1205 2682 1272 2725 non
1297 2682 1352 2724 ne·

179 2770 323 2850 gabitur:

269 2891 334 2972 Qui
365 2895 508 2956 mundus
539 2895 667 2955 terris
697 2891 780 2976 (sive
811 2890 1013 2977 hominibus)
1045 2895 1187 2956 innotuit
1212 2896 1352 2974 primum

180 3019 316 3062 munere
341 2999 592 3062 caelestium
616 3002 684 3062 sive
710 2999 870 3062 beneficio
895 3001 1042 3064 deorum.

272 3140 366 3221 Quae
400 3162 475 3204 cum
511 3144 592 3204 mire
625 3161 700 3204 cum
731 3139 882 3204 ΚΥοΙΙίἰ22
916 3144 1080 3204 sententia
1110 3154 1304 3224 congruant,
1335 3162 1354 3203 a

180 3270 259 3311 vero
283 3269 342 3311 eos
360 3250 456 3324 viros,
482 3269 566 3331 quos
590 3250 668 3325 dixi,
694 3269 761 3311 non
784 3249 986 3311 aberravisse
1011 3259 1135 3329 putem,
1161 3251 1353 3329 praesertim

181 3376 257 3418 cum
285 3375 353 3418 non
381 3359 424 3418 sit
444 3357 590 3431 dubium,
616 3358 695 3436 quin
718 3357 763 3418 ita
788 3357 922 3418 tandem
946 3357 1045 3418 verba
1073 3376 1226 3419 «munere
1250 3356 1354 3419 caele-

181 3472 287 3524 stum»
316 3483 366 3538 eo,
399 3482 465 3543 quo
488 3462 540 3524 hic
570 3483 654 3543 opus
678 3475 738 3539 est,
763 3464 910 3542 pondere
934 3475 1135 3543 premantur,
1160 3473 1260 3544 atque
1284 3463 1354 3544 pul-

182 3570 342 3632 cherrime
371 3581 583 3649 opponantur
607 3571 857 3650 insequentibus
882 3570 1006 3631 verbis:
1040 3571 1259 3632 condentibus
1284 3569 1353 3631 illis.

183 3676 332 3757 Itemque
363 3677 405 3738 de
438 3678 528 3738 verbi
559 3677 653 3738 huius
677 3678 838 3739 enuntiati
863 3675 963 3737 licet
987 3677 1245 3751 constructione,
1271 3694 1355 3756 quae

183 3784 345 3862 prompsit
361 3783 516 3859 Krollius,
541 3785 658 3864 probo,
684 3783 843 3865 quidquid
866 3783 946 3845 dicit
969 3782 1183 3845 Housmanus
1207 3784 1249 3844 de
1273 3801 1355 3844 voce

184 3890 260 3953 licet
284 3901 383 3971 atque
408 3892 596 3953 accusativo
621 3886 893 3970 infinitivoque²t
925 3888 992 3951 lam
1016 3909 1094 3951 vero
1118 3890 1208 3970 quod
1233 3890 1356 3969 pravis-

184 4000 268 4060 sime
292 3999 516 4078 superioribus
534 3998 774 4077 appendiculae
790 3996 864 4058 loco
881 3997 1087 4076 pronomine,
1113 3996 1202 4075 quod
1226 3996 1354 4069 dicitur,

185 4105 321 4167 relativo
339 4124 378 4166 ea
394 4104 526 4166 adnecti
541 4104 592 4165 ille
612 4115 716 4184 putat,
731 4123 816 4184 quae
830 4123 983 4166 versuum
1000 4115 1103 4181 25-1
1115 4119 1151 4163 12
1170 4102 1356 4182 primariam

186 4213 385 4274 sententiam
407 4211 609 4287 inducerent,
628 4223 728 4273 errat:
755 4213 856 4272 immo
880 4213 1086 4291 aptissimum
1105 4227 1179 4270 esse
1203 4207 1246 4269 ad
1270 4217 1357 4268 tran·
