<?xml version="1.0" encoding="UTF-8"?>
<!DOCTYPE html PUBLIC "-//W3C//DTD XHTML 1.0 Transitional//EN"
    "http://www.w3.org/TR/xhtml1/DTD/xhtml1-transitional.dtd">
<html xmlns="http://www.w3.org/1999/xhtml" xml:lang="en" lang="en">
 <head>
  <title>
</title>
<meta http-equiv="Content-Type" content="text/html;charset=utf-8" />
  <meta name='ocr-system' content='tesseract 3.04.00' />
  <meta name='ocr-capabilities' content='ocr_page ocr_carea ocr_par ocr_line ocrx_word'/>
</head>
<body>
  <div class='ocr_page' id='page_1' title='image "./delocisquibusda00kraegoog_0034.png"; bbox 0 0 3166 5048; ppageno 0'>
   <div class='ocr_carea' id='block_1_1' title="bbox 676 372 896 434">
    <p class='ocr_par' dir='ltr' id='par_1_1' title="bbox 676 372 896 434">
     <span class='ocr_line' id='line_1_1' title="bbox 676 372 896 434; baseline 0.005 -33"><span class='ocrx_word' id='word_1_1' title='bbox 676 372 896 434; x_wconf 54' lang='lat'>,29-</span> 
     </span>
    </p>
   </div>
   <div class='ocr_carea' id='block_1_2' title="bbox 201 567 1257 777">
    <p class='ocr_par' dir='ltr' id='par_1_2' title="bbox 201 567 1257 777">
     <span class='ocr_line' id='line_1_2' title="bbox 201 567 972 654; baseline 0 -23"><span class='ocrx_word' id='word_1_2' title='bbox 201 569 319 650; x_wconf 89' lang='lat' dir='ltr'>Neque</span> <span class='ocrx_word' id='word_1_3' title='bbox 342 571 455 650; x_wconf 90' lang='lat' dir='ltr'>ignota</span> <span class='ocrx_word' id='word_1_4' title='bbox 478 580 554 632; x_wconf 92' lang='lat' dir='ltr'>sunt</span> <span class='ocrx_word' id='word_1_5' title='bbox 579 568 646 632; x_wconf 91' lang='lat' dir='ltr'>Silii</span> <span class='ocrx_word' id='word_1_6' title='bbox 672 570 770 630; x_wconf 91' lang='lat' dir='ltr'>verba</span> <span class='ocrx_word' id='word_1_7' title='bbox 794 567 854 653; x_wconf 85' lang='lat' dir='ltr'>(IV</span> <span class='ocrx_word' id='word_1_8' title='bbox 878 567 972 654; x_wconf 80' lang='lat'><strong>486):</strong></span> 
     </span>
     <span class='ocr_line' id='line_1_3' title="bbox 320 692 1257 777; baseline 0.004 -21"><span class='ocrx_word' id='word_1_9' title='bbox 320 694 488 775; x_wconf 91' lang='lat' dir='ltr'>Multaque</span> <span class='ocrx_word' id='word_1_10' title='bbox 512 693 728 756; x_wconf 86' lang='lat' dir='ltr'>Hasdrubalis</span> <span class='ocrx_word' id='word_1_11' title='bbox 752 692 924 776; x_wconf 77' lang='lat' dir='ltr'>fulgebit⁶¹</span> <span class='ocrx_word' id='word_1_12' title='bbox 950 705 1058 777; x_wconf 82' lang='lat' dir='ltr'>strage</span> <span class='ocrx_word' id='word_1_13' title='bbox 1082 695 1257 760; x_wconf 80' lang='lat' dir='ltr'>Metaurus</span> 
     </span>
    </p>
   </div>
   <div class='ocr_carea' id='block_1_3' title="bbox 200 817 1375 1646">
    <p class='ocr_par' dir='ltr' id='par_1_3' title="bbox 200 817 1375 1646">
     <span class='ocr_line' id='line_1_4' title="bbox 293 817 1373 894; baseline -0.001 -14"><span class='ocrx_word' id='word_1_14' title='bbox 293 819 358 880; x_wconf 91' lang='lat' dir='ltr'>lam</span> <span class='ocrx_word' id='word_1_15' title='bbox 383 838 461 880; x_wconf 92' lang='lat' dir='ltr'>vero</span> <span class='ocrx_word' id='word_1_16' title='bbox 486 838 526 879; x_wconf 92' lang='lat' dir='ltr'>ne</span> <span class='ocrx_word' id='word_1_17' title='bbox 552 817 728 880; x_wconf 84' lang='lat' dir='ltr'>offendaris</span> <span class='ocrx_word' id='word_1_18' title='bbox 753 817 920 880; x_wconf 91' lang='lat' dir='ltr'>locutione</span> <span class='ocrx_word' id='word_1_19' title='bbox 944 819 996 880; x_wconf 95' lang='lat' dir='ltr'>illa</span> <span class='ocrx_word' id='word_1_20' title='bbox 1018 821 1174 881; x_wconf 76' lang='lat' dir='ltr'>«victor</span> <span class='ocrx_word' id='word_1_21' title='bbox 1198 819 1373 894; x_wconf 82' lang='lat' dir='ltr'>necati»,</span> 
     </span>
     <span class='ocr_line' id='line_1_5' title="bbox 200 924 1374 1007; baseline 0 -20"><span class='ocrx_word' id='word_1_22' title='bbox 200 944 401 1006; x_wconf 90' lang='lat' dir='ltr'>quamquam</span> <span class='ocrx_word' id='word_1_23' title='bbox 432 926 520 1004; x_wconf 93' lang='lat' dir='ltr'>apud</span> <span class='ocrx_word' id='word_1_24' title='bbox 553 927 640 987; x_wconf 91' lang='lat' dir='ltr'>hunc</span> <span class='ocrx_word' id='word_1_25' title='bbox 671 928 815 1005; x_wconf 86' lang='lat' dir='ltr'>poetam,</span> <span class='ocrx_word' id='word_1_26' title='bbox 848 928 903 1007; x_wconf 92' lang='lat' dir='ltr'>qui</span> <span class='ocrx_word' id='word_1_27' title='bbox 927 924 1132 989; x_wconf 80' lang='lat' dir='ltr'>rhetorum⁶⁶</span> <span class='ocrx_word' id='word_1_28' title='bbox 1162 928 1193 987; x_wconf 94' lang='lat' dir='ltr'>in</span> <span class='ocrx_word' id='word_1_29' title='bbox 1219 926 1301 988; x_wconf 92' lang='lat' dir='ltr'>ludis</span> <span class='ocrx_word' id='word_1_30' title='bbox 1326 927 1374 987; x_wconf 93' lang='lat' dir='ltr'>in-</span> 
     </span>
     <span class='ocr_line' id='line_1_6' title="bbox 200 1031 1375 1114; baseline -0.001 -20"><span class='ocrx_word' id='word_1_31' title='bbox 200 1035 340 1094; x_wconf 88' lang='lat' dir='ltr'>stitutus</span> <span class='ocrx_word' id='word_1_32' title='bbox 366 1044 444 1107; x_wconf 83' lang='lat' dir='ltr'>erat,</span> <span class='ocrx_word' id='word_1_33' title='bbox 471 1053 529 1112; x_wconf 90' lang='lat' dir='ltr'>per</span> <span class='ocrx_word' id='word_1_34' title='bbox 547 1052 582 1094; x_wconf 92' lang='lat' dir='ltr'>se</span> <span class='ocrx_word' id='word_1_35' title='bbox 600 1034 680 1094; x_wconf 91' lang='lat' dir='ltr'>mira</span> <span class='ocrx_word' id='word_1_36' title='bbox 697 1054 770 1094; x_wconf 90' lang='lat' dir='ltr'>esse</span> <span class='ocrx_word' id='word_1_37' title='bbox 788 1035 912 1114; x_wconf 89' lang='lat' dir='ltr'>nequit,</span> <span class='ocrx_word' id='word_1_38' title='bbox 937 1043 1068 1113; x_wconf 86' lang='lat' dir='ltr'>repetas</span> <span class='ocrx_word' id='word_1_39' title='bbox 1085 1033 1181 1095; x_wconf 91' lang='lat' dir='ltr'>velim</span> <span class='ocrx_word' id='word_1_40' title='bbox 1204 1054 1246 1094; x_wconf 89' lang='lat' dir='ltr'>ex</span> <span class='ocrx_word' id='word_1_41' title='bbox 1263 1031 1375 1095; x_wconf 89' lang='lat' dir='ltr'>Ovidii</span> 
     </span>
     <span class='ocr_line' id='line_1_7' title="bbox 200 1119 1374 1220; baseline 0 -20"><span class='ocrx_word' id='word_1_42' title='bbox 200 1139 278 1202; x_wconf 88' lang='lat' dir='ltr'>Met.</span> <span class='ocrx_word' id='word_1_43' title='bbox 304 1138 322 1201; x_wconf 89' lang='grc'>1.</span> <span class='ocrx_word' id='word_1_44' title='bbox 348 1138 389 1200; x_wconf 95' lang='lat' dir='ltr'>lll</span> <span class='ocrx_word' id='word_1_45' title='bbox 412 1119 452 1218; x_wconf 68' lang='lat'>{35</span> <span class='ocrx_word' id='word_1_46' title='bbox 489 1140 678 1220; x_wconf 89' lang='lat' dir='ltr'>exemplum</span> <span class='ocrx_word' id='word_1_47' title='bbox 715 1159 781 1202; x_wconf 93' lang='lat' dir='ltr'>non</span> <span class='ocrx_word' id='word_1_48' title='bbox 814 1141 916 1202; x_wconf 92' lang='lat' dir='ltr'>multo</span> <span class='ocrx_word' id='word_1_49' title='bbox 950 1161 1029 1202; x_wconf 89' lang='lat' dir='ltr'>sane</span> <span class='ocrx_word' id='word_1_50' title='bbox 1062 1141 1234 1202; x_wconf 91' lang='lat' dir='ltr'>audacius:</span> <span class='ocrx_word' id='word_1_51' title='bbox 1269 1141 1374 1202; x_wconf 92' lang='lat' dir='ltr'>victor</span> 
     </span>
     <span class='ocr_line' id='line_1_8' title="bbox 202 1243 1375 1328; baseline 0 -20"><span class='ocrx_word' id='word_1_52' title='bbox 202 1248 305 1308; x_wconf 92' lang='lat' dir='ltr'>victi</span> <span class='ocrx_word' id='word_1_53' title='bbox 330 1243 497 1328; x_wconf 74' lang='lat' dir='ltr'>(hostis)⁶²</span> <span class='ocrx_word' id='word_1_54' title='bbox 522 1257 621 1327; x_wconf 90' lang='lat' dir='ltr'>atque</span> <span class='ocrx_word' id='word_1_55' title='bbox 638 1247 725 1309; x_wconf 93' lang='lat' dir='ltr'>aliud</span> <span class='ocrx_word' id='word_1_56' title='bbox 742 1268 784 1309; x_wconf 90' lang='lat' dir='ltr'>ex</span> <span class='ocrx_word' id='word_1_57' title='bbox 803 1245 972 1310; x_wconf 87' lang='lat' dir='ltr'>Claudiani</span> <span class='ocrx_word' id='word_1_58' title='bbox 997 1248 1102 1309; x_wconf 91' lang='lat' dir='ltr'>libris:</span> <span class='ocrx_word' id='word_1_59' title='bbox 1129 1249 1265 1309; x_wconf 92' lang='lat' dir='ltr'>victoria</span> <span class='ocrx_word' id='word_1_60' title='bbox 1289 1247 1375 1327; x_wconf 90' lang='lat' dir='ltr'>pulsi</span> 
     </span>
     <span class='ocr_line' id='line_1_9' title="bbox 203 1351 1373 1436; baseline 0.003 -23"><span class='ocrx_word' id='word_1_61' title='bbox 203 1352 314 1431; x_wconf 91' lang='lat' dir='ltr'>Pyrrhi</span> <span class='ocrx_word' id='word_1_62' title='bbox 338 1351 377 1414; x_wconf 88' lang='lat' dir='ltr'>cl.</span> <span class='ocrx_word' id='word_1_63' title='bbox 403 1373 434 1432; x_wconf 86' lang='lat' dir='ltr'>p,</span> <span class='ocrx_word' id='word_1_64' title='bbox 463 1367 498 1431; x_wconf 89' lang='lat'>17</span> <span class='ocrx_word' id='word_1_65' title='bbox 525 1355 619 1415; x_wconf 90' lang='lat' dir='ltr'>huius</span> <span class='ocrx_word' id='word_1_66' title='bbox 645 1354 911 1418; x_wconf 82' lang='lat' dir='ltr'>dissertationis·</span> <span class='ocrx_word' id='word_1_67' title='bbox 936 1355 1024 1436; x_wconf 90' lang='lat' dir='ltr'>Ergo</span> <span class='ocrx_word' id='word_1_68' title='bbox 1049 1375 1144 1416; x_wconf 90' lang='lat' dir='ltr'>verae</span> <span class='ocrx_word' id='word_1_69' title='bbox 1169 1354 1373 1433; x_wconf 85' lang='lat' dir='ltr'>antiquitatis</span> 
     </span>
     <span class='ocr_line' id='line_1_10' title="bbox 205 1458 1374 1541; baseline 0.002 -22"><span class='ocrx_word' id='word_1_70' title='bbox 205 1461 349 1536; x_wconf 91' lang='lat' dir='ltr'>speciem</span> <span class='ocrx_word' id='word_1_71' title='bbox 380 1458 464 1521; x_wconf 86' lang='lat' dir='ltr'>ferre</span> <span class='ocrx_word' id='word_1_72' title='bbox 489 1460 619 1521; x_wconf 88' lang='lat' dir='ltr'>videtur</span> <span class='ocrx_word' id='word_1_73' title='bbox 650 1471 825 1522; x_wconf 89' lang='lat' dir='ltr'>necatus</span> <span class='ocrx_word' id='word_1_74' title='bbox 850 1461 1036 1522; x_wconf 81' lang='lat' dir='ltr'>Hasdrubal</span> <span class='ocrx_word' id='word_1_75' title='bbox 1067 1481 1175 1541; x_wconf 90' lang='lat' dir='ltr'>neque</span> <span class='ocrx_word' id='word_1_76' title='bbox 1199 1461 1374 1522; x_wconf 91' lang='lat' dir='ltr'>abhorrere</span> 
     </span>
     <span class='ocr_line' id='line_1_11' title="bbox 204 1567 1069 1646; baseline 0.003 -20"><span class='ocrx_word' id='word_1_77' title='bbox 204 1586 222 1626; x_wconf 99' lang='lat' dir='ltr'>a</span> <span class='ocrx_word' id='word_1_78' title='bbox 246 1567 429 1645; x_wconf 88' lang='lat' dir='ltr'>priscorum</span> <span class='ocrx_word' id='word_1_79' title='bbox 453 1577 640 1646; x_wconf 88' lang='lat' dir='ltr'>temporum</span> <span class='ocrx_word' id='word_1_80' title='bbox 666 1569 905 1629; x_wconf 88' lang='lat' dir='ltr'>consuetudine</span> <span class='ocrx_word' id='word_1_81' title='bbox 929 1568 1069 1631; x_wconf 90' lang='lat' dir='ltr'>dicendi.</span> 
     </span>
    </p>
   </div>
   <div class='ocr_carea' id='block_1_4' title="bbox 203 1687 1375 1982">
    <p class='ocr_par' dir='ltr' id='par_1_4' title="bbox 203 1687 1375 1982">
     <span class='ocr_line' id='line_1_12' title="bbox 292 1687 1375 1772; baseline 0 -20"><span class='ocrx_word' id='word_1_82' title='bbox 292 1687 385 1768; x_wconf 83' lang='lat' dir='ltr'>Quae</span> <span class='ocrx_word' id='word_1_83' title='bbox 417 1692 476 1753; x_wconf 85' lang='lat' dir='ltr'>tuit</span> <span class='ocrx_word' id='word_1_84' title='bbox 508 1692 604 1772; x_wconf 84' lang='lat' dir='ltr'>igitur</span> <span class='ocrx_word' id='word_1_85' title='bbox 637 1712 791 1772; x_wconf 90' lang='lat' dir='ltr'>umquam</span> <span class='ocrx_word' id='word_1_86' title='bbox 822 1695 852 1753; x_wconf 91' lang='lat' dir='ltr'>in</span> <span class='ocrx_word' id='word_1_87' title='bbox 879 1693 943 1754; x_wconf 91' lang='lat' dir='ltr'>ullo</span> <span class='ocrx_word' id='word_1_88' title='bbox 967 1693 1099 1754; x_wconf 91' lang='lat' dir='ltr'>homine</span> <span class='ocrx_word' id='word_1_89' title='bbox 1125 1703 1225 1767; x_wconf 87' lang='lat' dir='ltr'>tanta,</span> <span class='ocrx_word' id='word_1_90' title='bbox 1251 1702 1375 1771; x_wconf 90' lang='lat' dir='ltr'>quanta</span> 
     </span>
     <span class='ocr_line' id='line_1_13' title="bbox 203 1797 1374 1873; baseline 0.002 -14"><span class='ocrx_word' id='word_1_91' title='bbox 203 1800 235 1859; x_wconf 92' lang='lat' dir='ltr'>in</span> <span class='ocrx_word' id='word_1_92' title='bbox 253 1797 458 1873; x_wconf 91' lang='lat' dir='ltr'>Housmano,</span> <span class='ocrx_word' id='word_1_93' title='bbox 483 1799 639 1860; x_wconf 85' lang='lat' dir='ltr'>audacia?</span> <span class='ocrx_word' id='word_1_94' title='bbox 663 1800 832 1860; x_wconf 90' lang='lat' dir='ltr'>audaciam</span> <span class='ocrx_word' id='word_1_95' title='bbox 857 1800 952 1861; x_wconf 86' lang='lat' dir='ltr'>dico?</span> <span class='ocrx_word' id='word_1_96' title='bbox 977 1801 1090 1860; x_wconf 91' lang='lat' dir='ltr'>nescio</span> <span class='ocrx_word' id='word_1_97' title='bbox 1114 1819 1154 1859; x_wconf 90' lang='lat' dir='ltr'>an</span> <span class='ocrx_word' id='word_1_98' title='bbox 1180 1799 1296 1860; x_wconf 90' lang='lat' dir='ltr'>melius</span> <span class='ocrx_word' id='word_1_99' title='bbox 1321 1819 1374 1861; x_wconf 92' lang='lat' dir='ltr'>so·</span> 
     </span>
     <span class='ocr_line' id='line_1_14' title="bbox 204 1905 642 1982; baseline -0.002 -16"><span class='ocrx_word' id='word_1_100' title='bbox 204 1905 350 1966; x_wconf 90' lang='lat' dir='ltr'>cordiam</span> <span class='ocrx_word' id='word_1_101' title='bbox 374 1906 499 1982; x_wconf 91' lang='lat' dir='ltr'>possim</span> <span class='ocrx_word' id='word_1_102' title='bbox 523 1905 642 1966; x_wconf 87' lang='lat' dir='ltr'>dicere.</span> 
     </span>
    </p>
   </div>
   <div class='ocr_carea' id='block_1_5' title="bbox 205 2028 1377 2627">
    <p class='ocr_par' dir='ltr' id='par_1_5' title="bbox 205 2028 1377 2627">
     <span class='ocr_line' id='line_1_15' title="bbox 293 2028 1374 2108; baseline 0.002 -19"><span class='ocrx_word' id='word_1_103' title='bbox 293 2028 406 2108; x_wconf 89' lang='lat' dir='ltr'>ltaque</span> <span class='ocrx_word' id='word_1_104' title='bbox 440 2029 528 2108; x_wconf 91' lang='lat' dir='ltr'>quod</span> <span class='ocrx_word' id='word_1_105' title='bbox 560 2031 713 2090; x_wconf 92' lang='lat' dir='ltr'>omnibus</span> <span class='ocrx_word' id='word_1_106' title='bbox 745 2030 975 2108; x_wconf 88' lang='lat' dir='ltr'>manuscriptis</span> <span class='ocrx_word' id='word_1_107' title='bbox 1004 2032 1180 2108; x_wconf 89' lang='lat' dir='ltr'>praebetur</span> <span class='ocrx_word' id='word_1_108' title='bbox 1204 2029 1374 2091; x_wconf 91' lang='lat' dir='ltr'>codicibus</span> 
     </span>
     <span class='ocr_line' id='line_1_16' title="bbox 207 2134 1377 2216; baseline 0.001 -20"><span class='ocrx_word' id='word_1_109' title='bbox 207 2155 268 2196; x_wconf 92' lang='lat' dir='ltr'>nec</span> <span class='ocrx_word' id='word_1_110' title='bbox 291 2135 446 2196; x_wconf 80' lang='lat' dir='ltr'>stolidum</span> <span class='ocrx_word' id='word_1_111' title='bbox 472 2146 528 2197; x_wconf 90' lang='lat' dir='ltr'>aut</span> <span class='ocrx_word' id='word_1_112' title='bbox 553 2134 689 2197; x_wconf 91' lang='lat' dir='ltr'>loedum</span> <span class='ocrx_word' id='word_1_113' title='bbox 713 2146 774 2210; x_wconf 87' lang='lat' dir='ltr'>est,</span> <span class='ocrx_word' id='word_1_114' title='bbox 800 2137 953 2213; x_wconf 83' lang='lat' dir='ltr'>servabit,</span> <span class='ocrx_word' id='word_1_115' title='bbox 980 2137 1127 2216; x_wconf 87' lang='lat' dir='ltr'>quisquis</span> <span class='ocrx_word' id='word_1_116' title='bbox 1144 2155 1257 2197; x_wconf 91' lang='lat' dir='ltr'>verum</span> <span class='ocrx_word' id='word_1_117' title='bbox 1273 2136 1377 2197; x_wconf 89' lang='lat' dir='ltr'>Mani-</span> 
     </span>
     <span class='ocr_line' id='line_1_17' title="bbox 207 2241 1375 2321; baseline 0.002 -19"><span class='ocrx_word' id='word_1_118' title='bbox 207 2241 285 2303; x_wconf 90' lang='lat' dir='ltr'>lium</span> <span class='ocrx_word' id='word_1_119' title='bbox 303 2243 483 2321; x_wconf 89' lang='lat' dir='ltr'>exstirpare</span> <span class='ocrx_word' id='word_1_120' title='bbox 502 2243 600 2304; x_wconf 89' lang='lat' dir='ltr'>nolet.</span> <span class='ocrx_word' id='word_1_121' title='bbox 635 2242 819 2304; x_wconf 90' lang='lat' dir='ltr'>Housmani</span> <span class='ocrx_word' id='word_1_122' title='bbox 837 2255 947 2304; x_wconf 85' lang='lat' dir='ltr'>autem</span> <span class='ocrx_word' id='word_1_123' title='bbox 964 2245 1187 2304; x_wconf 90' lang='lat' dir='ltr'>coniecturam</span> <span class='ocrx_word' id='word_1_124' title='bbox 1212 2243 1375 2304; x_wconf 90' lang='lat' dir='ltr'>tenacis</span> 
     </span>
     <span class='ocr_line' id='line_1_18' title="bbox 205 2345 1376 2432; baseline 0 -24"><span class='ocrx_word' id='word_1_125' title='bbox 205 2345 420 2431; x_wconf 85' lang='lat' dir='ltr'>(quamquam</span> <span class='ocrx_word' id='word_1_126' title='bbox 458 2350 600 2410; x_wconf 91' lang='lat' dir='ltr'>tenaci</span> <span class='ocrx_word' id='word_1_127' title='bbox 635 2349 740 2410; x_wconf 91' lang='lat' dir='ltr'>isdem</span> <span class='ocrx_word' id='word_1_128' title='bbox 775 2347 875 2410; x_wconf 88' lang='lat' dir='ltr'>literis</span> <span class='ocrx_word' id='word_1_129' title='bbox 909 2369 946 2411; x_wconf 91' lang='lat' dir='ltr'>ac</span> <span class='ocrx_word' id='word_1_130' title='bbox 981 2350 1089 2411; x_wconf 89' lang='lat' dir='ltr'>necati</span> <span class='ocrx_word' id='word_1_131' title='bbox 1123 2346 1267 2432; x_wconf 80' lang='lat' dir='ltr'>constat)</span> <span class='ocrx_word' id='word_1_132' title='bbox 1300 2368 1376 2410; x_wconf 92' lang='lat' dir='ltr'>cum</span> 
     </span>
     <span class='ocr_line' id='line_1_19' title="bbox 206 2454 1374 2536; baseline -0.001 -20"><span class='ocrx_word' id='word_1_133' title='bbox 206 2454 314 2516; x_wconf 91' lang='lat' dir='ltr'>multis</span> <span class='ocrx_word' id='word_1_134' title='bbox 344 2456 412 2517; x_wconf 91' lang='lat' dir='ltr'>aliis</span> <span class='ocrx_word' id='word_1_135' title='bbox 444 2475 552 2535; x_wconf 86' lang='lat' dir='ltr'>neque</span> <span class='ocrx_word' id='word_1_136' title='bbox 584 2457 622 2516; x_wconf 93' lang='lat' dir='ltr'>iis</span> <span class='ocrx_word' id='word_1_137' title='bbox 653 2457 766 2535; x_wconf 90' lang='lat' dir='ltr'>paucis</span> <span class='ocrx_word' id='word_1_138' title='bbox 798 2457 867 2517; x_wconf 91' lang='lat' dir='ltr'>eius</span> <span class='ocrx_word' id='word_1_139' title='bbox 899 2457 1052 2536; x_wconf 89' lang='lat' dir='ltr'>panaceis</span> <span class='ocrx_word' id='word_1_140' title='bbox 1084 2475 1183 2536; x_wconf 90' lang='lat' dir='ltr'>quam</span> <span class='ocrx_word' id='word_1_141' title='bbox 1207 2456 1374 2518; x_wconf 91' lang='lat' dir='ltr'>celerrime</span> 
     </span>
     <span class='ocr_line' id='line_1_20' title="bbox 205 2563 747 2627; baseline 0.007 -5"><span class='ocrx_word' id='word_1_142' title='bbox 205 2563 390 2624; x_wconf 90' lang='lat' dir='ltr'>iubebimus</span> <span class='ocrx_word' id='word_1_143' title='bbox 415 2564 504 2624; x_wconf 89' lang='lat' dir='ltr'>abire</span> <span class='ocrx_word' id='word_1_144' title='bbox 528 2563 747 2627; x_wconf 89' lang='lat' dir='ltr'>Morboviam.</span> 
     </span>
    </p>
   </div>
   <div class='ocr_carea' id='block_1_6' title="bbox 204 2679 1377 4260">
    <p class='ocr_par' dir='ltr' id='par_1_6' title="bbox 204 2679 1377 4260">
     <span class='ocr_line' id='line_1_21' title="bbox 293 2679 1376 2768; baseline 0 -20"><span class='ocrx_word' id='word_1_145' title='bbox 293 2688 363 2749; x_wconf 89' lang='lat' dir='ltr'>Nec</span> <span class='ocrx_word' id='word_1_146' title='bbox 394 2691 496 2768; x_wconf 89' lang='lat' dir='ltr'>magis</span> <span class='ocrx_word' id='word_1_147' title='bbox 527 2708 612 2767; x_wconf 90' lang='lat' dir='ltr'>opus</span> <span class='ocrx_word' id='word_1_148' title='bbox 644 2704 694 2749; x_wconf 91' lang='lat' dir='ltr'>est</span> <span class='ocrx_word' id='word_1_149' title='bbox 724 2679 914 2750; x_wconf 89' lang='lat' dir='ltr'>coniectura</span> <span class='ocrx_word' id='word_1_150' title='bbox 950 2687 1148 2750; x_wconf 82' lang='lat' dir='ltr'>«nefandus»</span> <span class='ocrx_word' id='word_1_151' title='bbox 1184 2686 1376 2748; x_wconf 90' lang='lat' dir='ltr'>aBentleio</span> 
     </span>
     <span class='ocr_line' id='line_1_22' title="bbox 204 2793 1376 2874; baseline 0 -20"><span class='ocrx_word' id='word_1_152' title='bbox 204 2793 281 2855; x_wconf 92' lang='lat' dir='ltr'>olim</span> <span class='ocrx_word' id='word_1_153' title='bbox 307 2797 486 2874; x_wconf 89' lang='lat' dir='ltr'>proposita.</span> <span class='ocrx_word' id='word_1_154' title='bbox 534 2793 642 2873; x_wconf 84' lang='lat' dir='ltr'>Quam</span> <span class='ocrx_word' id='word_1_155' title='bbox 677 2796 775 2857; x_wconf 91' lang='lat' dir='ltr'>etiam</span> <span class='ocrx_word' id='word_1_156' title='bbox 807 2793 922 2856; x_wconf 83' lang='lat' dir='ltr'>falsam</span> <span class='ocrx_word' id='word_1_157' title='bbox 953 2814 1026 2856; x_wconf 88' lang='lat' dir='ltr'>esse</span> <span class='ocrx_word' id='word_1_158' title='bbox 1057 2794 1144 2856; x_wconf 90' lang='lat' dir='ltr'>haud</span> <span class='ocrx_word' id='word_1_159' title='bbox 1176 2795 1220 2855; x_wconf 86' lang='lat' dir='ltr'>ita</span> <span class='ocrx_word' id='word_1_160' title='bbox 1245 2793 1376 2855; x_wconf 83' lang='lat' dir='ltr'>difficile</span> 
     </span>
     <span class='ocr_line' id='line_1_23' title="bbox 205 2902 1374 2980; baseline 0 -19"><span class='ocrx_word' id='word_1_161' title='bbox 205 2903 246 2962; x_wconf 90' lang='lat' dir='ltr'>sit</span> <span class='ocrx_word' id='word_1_162' title='bbox 269 2903 310 2962; x_wconf 91' lang='lat' dir='ltr'>ad</span> <span class='ocrx_word' id='word_1_163' title='bbox 328 2902 546 2980; x_wconf 91' lang='lat' dir='ltr'>probandum.</span> <span class='ocrx_word' id='word_1_164' title='bbox 588 2902 721 2964; x_wconf 88' lang='lat' dir='ltr'>Etenim</span> <span class='ocrx_word' id='word_1_165' title='bbox 745 2902 925 2964; x_wconf 90' lang='lat' dir='ltr'>admodum</span> <span class='ocrx_word' id='word_1_166' title='bbox 950 2911 1106 2963; x_wconf 90' lang='lat' dir='ltr'>constans</span> <span class='ocrx_word' id='word_1_167' title='bbox 1130 2913 1180 2962; x_wconf 88' lang='lat' dir='ltr'>est</span> <span class='ocrx_word' id='word_1_168' title='bbox 1204 2913 1374 2980; x_wconf 89' lang='lat' dir='ltr'>poetarum</span> 
     </span>
     <span class='ocr_line' id='line_1_24' title="bbox 206 3007 1376 3088; baseline -0.001 -19"><span class='ocrx_word' id='word_1_169' title='bbox 206 3028 284 3069; x_wconf 90' lang='lat' dir='ltr'>usus</span> <span class='ocrx_word' id='word_1_170' title='bbox 317 3010 349 3068; x_wconf 92' lang='lat' dir='ltr'>in</span> <span class='ocrx_word' id='word_1_171' title='bbox 385 3009 611 3071; x_wconf 89' lang='lat' dir='ltr'>describendis</span> <span class='ocrx_word' id='word_1_172' title='bbox 642 3012 740 3070; x_wconf 91' lang='lat' dir='ltr'>rebus</span> <span class='ocrx_word' id='word_1_173' title='bbox 770 3009 944 3083; x_wconf 87' lang='lat' dir='ltr'>historicis,</span> <span class='ocrx_word' id='word_1_174' title='bbox 979 3009 1010 3070; x_wconf 93' lang='lat' dir='ltr'>id</span> <span class='ocrx_word' id='word_1_175' title='bbox 1044 3009 1134 3088; x_wconf 91' lang='lat' dir='ltr'>quod</span> <span class='ocrx_word' id='word_1_176' title='bbox 1166 3007 1216 3068; x_wconf 90' lang='lat' dir='ltr'>vel</span> <span class='ocrx_word' id='word_1_177' title='bbox 1247 3028 1291 3068; x_wconf 88' lang='lat' dir='ltr'>ex</span> <span class='ocrx_word' id='word_1_178' title='bbox 1314 3027 1376 3069; x_wconf 90' lang='lat' dir='ltr'>usu</span> 
     </span>
     <span class='ocr_line' id='line_1_25' title="bbox 205 3113 1376 3195; baseline -0.001 -20"><span class='ocrx_word' id='word_1_179' title='bbox 205 3113 318 3175; x_wconf 92' lang='lat' dir='ltr'>talium</span> <span class='ocrx_word' id='word_1_180' title='bbox 346 3113 549 3176; x_wconf 90' lang='lat' dir='ltr'>locutionum</span> <span class='ocrx_word' id='word_1_181' title='bbox 574 3125 721 3195; x_wconf 88' lang='lat' dir='ltr'>apparet,</span> <span class='ocrx_word' id='word_1_182' title='bbox 755 3114 867 3195; x_wconf 92' lang='lat' dir='ltr'>quales</span> <span class='ocrx_word' id='word_1_183' title='bbox 898 3125 974 3176; x_wconf 92' lang='lat' dir='ltr'>sunt</span> <span class='ocrx_word' id='word_1_184' title='bbox 999 3113 1204 3195; x_wconf 83' lang='lat' dir='ltr'>Carthaginis</span> <span class='ocrx_word' id='word_1_185' title='bbox 1227 3134 1319 3175; x_wconf 87' lang='lat' dir='ltr'>arces</span> <span class='ocrx_word' id='word_1_186' title='bbox 1344 3123 1376 3174; x_wconf 92' lang='lat' dir='ltr'>et</span> 
     </span>
     <span class='ocr_line' id='line_1_26' title="bbox 206 3217 1376 3302; baseline 0 -20"><span class='ocrx_word' id='word_1_187' title='bbox 206 3217 368 3302; x_wconf 84' lang='lat' dir='ltr'>Carthago</span> <span class='ocrx_word' id='word_1_188' title='bbox 402 3217 514 3284; x_wconf 81' lang='lat' dir='ltr'>alta⁶³.</span> <span class='ocrx_word' id='word_1_189' title='bbox 568 3221 681 3301; x_wconf 93' lang='lat' dir='ltr'>ltaque</span> <span class='ocrx_word' id='word_1_190' title='bbox 716 3224 742 3282; x_wconf 90' lang='lat' dir='ltr'>si</span> <span class='ocrx_word' id='word_1_191' title='bbox 776 3241 939 3302; x_wconf 91' lang='lat' dir='ltr'>nusquam</span> <span class='ocrx_word' id='word_1_192' title='bbox 972 3219 1160 3282; x_wconf 88' lang='lat' dir='ltr'>Hasdrubal</span> <span class='ocrx_word' id='word_1_193' title='bbox 1193 3220 1376 3300; x_wconf 89' lang='lat' dir='ltr'>appellatus</span> 
     </span>
     <span class='ocr_line' id='line_1_27' title="bbox 207 3326 1377 3407; baseline 0.002 -21"><span class='ocrx_word' id='word_1_194' title='bbox 207 3337 256 3387; x_wconf 88' lang='lat' dir='ltr'>est</span> <span class='ocrx_word' id='word_1_195' title='bbox 283 3326 454 3403; x_wconf 86' lang='lat' dir='ltr'>nelandus,</span> <span class='ocrx_word' id='word_1_196' title='bbox 479 3347 546 3388; x_wconf 92' lang='lat' dir='ltr'>non</span> <span class='ocrx_word' id='word_1_197' title='bbox 574 3348 749 3407; x_wconf 93' lang='lat' dir='ltr'>possumus</span> <span class='ocrx_word' id='word_1_198' title='bbox 774 3348 849 3389; x_wconf 89' lang='lat' dir='ltr'>eum</span> <span class='ocrx_word' id='word_1_199' title='bbox 875 3330 938 3389; x_wconf 92' lang='lat' dir='ltr'>hoc</span> <span class='ocrx_word' id='word_1_200' title='bbox 962 3329 1120 3407; x_wconf 90' lang='lat' dir='ltr'>epithet0‚</span> <span class='ocrx_word' id='word_1_201' title='bbox 1145 3328 1235 3407; x_wconf 94' lang='lat' dir='ltr'>quod</span> <span class='ocrx_word' id='word_1_202' title='bbox 1259 3326 1377 3389; x_wconf 89' lang='lat' dir='ltr'>Graeci</span> 
     </span>
     <span class='ocr_line' id='line_1_28' title="bbox 206 3433 1376 3515; baseline 0.002 -22"><span class='ocrx_word' id='word_1_203' title='bbox 206 3444 335 3508; x_wconf 85' lang='lat' dir='ltr'>vocant,</span> <span class='ocrx_word' id='word_1_204' title='bbox 369 3433 562 3515; x_wconf 89' lang='lat' dir='ltr'>significare,</span> <span class='ocrx_word' id='word_1_205' title='bbox 595 3455 670 3496; x_wconf 93' lang='lat' dir='ltr'>cum</span> <span class='ocrx_word' id='word_1_206' title='bbox 700 3455 767 3497; x_wconf 93' lang='lat' dir='ltr'>non</span> <span class='ocrx_word' id='word_1_207' title='bbox 798 3436 839 3497; x_wconf 91' lang='lat' dir='ltr'>sit</span> <span class='ocrx_word' id='word_1_208' title='bbox 865 3436 1031 3497; x_wconf 89' lang='lat' dir='ltr'>traditum.</span> <span class='ocrx_word' id='word_1_209' title='bbox 1080 3434 1213 3496; x_wconf 90' lang='lat' dir='ltr'>Rectius</span> <span class='ocrx_word' id='word_1_210' title='bbox 1238 3433 1376 3496; x_wconf 90' lang='lat' dir='ltr'>lorsitan</span> 
     </span>
     <span class='ocr_line' id='line_1_29' title="bbox 205 3540 1376 3621; baseline 0.002 -20"><span class='ocrx_word' id='word_1_211' title='bbox 205 3540 424 3602; x_wconf 91' lang='lat' dir='ltr'>Hannibalem</span> <span class='ocrx_word' id='word_1_212' title='bbox 456 3541 634 3603; x_wconf 83' lang='lat' dir='ltr'>nefandum</span> <span class='ocrx_word' id='word_1_213' title='bbox 667 3545 802 3606; x_wconf 90' lang='lat' dir='ltr'>vocites.</span> <span class='ocrx_word' id='word_1_214' title='bbox 851 3541 879 3604; x_wconf 96' lang='lat' dir='ltr'>ls</span> <span class='ocrx_word' id='word_1_215' title='bbox 912 3562 995 3604; x_wconf 92' lang='lat' dir='ltr'>unus</span> <span class='ocrx_word' id='word_1_216' title='bbox 1026 3562 1101 3604; x_wconf 92' lang='lat' dir='ltr'>cum</span> <span class='ocrx_word' id='word_1_217' title='bbox 1134 3551 1184 3604; x_wconf 88' lang='lat' dir='ltr'>tot</span> <span class='ocrx_word' id='word_1_218' title='bbox 1208 3541 1376 3621; x_wconf 87' lang='lat' dir='ltr'>tantisque</span> 
     </span>
     <span class='ocr_line' id='line_1_30' title="bbox 207 3646 1375 3728; baseline 0 -21"><span class='ocrx_word' id='word_1_219' title='bbox 207 3646 431 3709; x_wconf 85' lang='lat' dir='ltr'>Romanorum</span> <span class='ocrx_word' id='word_1_220' title='bbox 466 3649 605 3711; x_wconf 90' lang='lat' dir='ltr'>ducibus</span> <span class='ocrx_word' id='word_1_221' title='bbox 642 3669 699 3728; x_wconf 93' lang='lat' dir='ltr'>per</span> <span class='ocrx_word' id='word_1_222' title='bbox 734 3659 785 3711; x_wconf 93' lang='lat' dir='ltr'>tot</span> <span class='ocrx_word' id='word_1_223' title='bbox 820 3669 925 3710; x_wconf 91' lang='lat' dir='ltr'>annos</span> <span class='ocrx_word' id='word_1_224' title='bbox 961 3649 1002 3710; x_wconf 93' lang='lat' dir='ltr'>de</span> <span class='ocrx_word' id='word_1_225' title='bbox 1036 3649 1173 3727; x_wconf 90' lang='lat' dir='ltr'>imperio</span> <span class='ocrx_word' id='word_1_226' title='bbox 1207 3647 1375 3728; x_wconf 85' lang='lat' dir='ltr'>gloriaque</span> 
     </span>
     <span class='ocr_line' id='line_1_31' title="bbox 207 3752 1376 3835; baseline 0 -21"><span class='ocrx_word' id='word_1_227' title='bbox 207 3754 395 3816; x_wconf 89' lang='lat' dir='ltr'>decertavit.</span> <span class='ocrx_word' id='word_1_228' title='bbox 437 3755 471 3815; x_wconf 93' lang='lat' dir='ltr'>ln</span> <span class='ocrx_word' id='word_1_229' title='bbox 488 3774 528 3815; x_wconf 90' lang='lat' dir='ltr'>eo</span> <span class='ocrx_word' id='word_1_230' title='bbox 546 3757 689 3816; x_wconf 88' lang='lat' dir='ltr'>maxime</span> <span class='ocrx_word' id='word_1_231' title='bbox 714 3767 783 3816; x_wconf 89' lang='lat' dir='ltr'>erat</span> <span class='ocrx_word' id='word_1_232' title='bbox 804 3754 1045 3829; x_wconf 87' lang='lat' dir='ltr'>admirandum,</span> <span class='ocrx_word' id='word_1_233' title='bbox 1071 3755 1160 3835; x_wconf 92' lang='lat' dir='ltr'>quod</span> <span class='ocrx_word' id='word_1_234' title='bbox 1177 3752 1376 3832; x_wconf 88' lang='lat' dir='ltr'>inexpiabile</span> 
     </span>
     <span class='ocr_line' id='line_1_32' title="bbox 207 3860 1376 3940; baseline 0.002 -21"><span class='ocrx_word' id='word_1_235' title='bbox 207 3862 238 3920; x_wconf 93' lang='lat' dir='ltr'>in</span> <span class='ocrx_word' id='word_1_236' title='bbox 274 3860 441 3923; x_wconf 89' lang='lat' dir='ltr'>Romanos</span> <span class='ocrx_word' id='word_1_237' title='bbox 474 3862 587 3922; x_wconf 92' lang='lat' dir='ltr'>odium</span> <span class='ocrx_word' id='word_1_238' title='bbox 598 3860 625 3898; x_wconf 75' lang='lat'>⁶4</span> <span class='ocrx_word' id='word_1_239' title='bbox 660 3861 759 3924; x_wconf 90' lang='lat' dir='ltr'>veluti</span> <span class='ocrx_word' id='word_1_240' title='bbox 790 3862 972 3923; x_wconf 88' lang='lat' dir='ltr'>hereditate</span> <span class='ocrx_word' id='word_1_241' title='bbox 1003 3862 1151 3923; x_wconf 90' lang='lat' dir='ltr'>relictum</span> <span class='ocrx_word' id='word_1_242' title='bbox 1182 3870 1281 3940; x_wconf 92' lang='lat' dir='ltr'>atque</span> <span class='ocrx_word' id='word_1_243' title='bbox 1312 3861 1376 3921; x_wconf 93' lang='lat' dir='ltr'>iam</span> 
     </span>
     <span class='ocr_line' id='line_1_33' title="bbox 206 3968 1376 4049; baseline 0.002 -23"><span class='ocrx_word' id='word_1_244' title='bbox 206 3968 310 4046; x_wconf 90' lang='lat' dir='ltr'>prima</span> <span class='ocrx_word' id='word_1_245' title='bbox 339 3977 448 4028; x_wconf 89' lang='lat' dir='ltr'>aetate</span> <span class='ocrx_word' id='word_1_246' title='bbox 479 3969 687 4030; x_wconf 90' lang='lat' dir='ltr'>iureiurando</span> <span class='ocrx_word' id='word_1_247' title='bbox 719 3969 949 4030; x_wconf 89' lang='lat' dir='ltr'>confirmatum</span> <span class='ocrx_word' id='word_1_248' title='bbox 982 3989 1086 4049; x_wconf 89' lang='lat' dir='ltr'>usque</span> <span class='ocrx_word' id='word_1_249' title='bbox 1117 3968 1159 4030; x_wconf 92' lang='lat' dir='ltr'>ad</span> <span class='ocrx_word' id='word_1_250' title='bbox 1189 3978 1376 4028; x_wconf 88' lang='lat' dir='ltr'>extremum</span> 
     </span>
     <span class='ocr_line' id='line_1_34' title="bbox 207 4074 1377 4155; baseline 0.002 -23"><span class='ocrx_word' id='word_1_251' title='bbox 207 4074 357 4152; x_wconf 88' lang='lat' dir='ltr'>spiritum</span> <span class='ocrx_word' id='word_1_252' title='bbox 381 4076 530 4137; x_wconf 89' lang='lat' dir='ltr'>servavit.</span> <span class='ocrx_word' id='word_1_253' title='bbox 563 4074 592 4135; x_wconf 91' lang='lat' dir='ltr'>ls</span> <span class='ocrx_word' id='word_1_254' title='bbox 617 4086 686 4136; x_wconf 90' lang='lat' dir='ltr'>erat</span> <span class='ocrx_word' id='word_1_255' title='bbox 711 4077 868 4154; x_wconf 89' lang='lat' dir='ltr'>omnium,</span> <span class='ocrx_word' id='word_1_256' title='bbox 887 4077 941 4155; x_wconf 93' lang='lat' dir='ltr'>qui</span> <span class='ocrx_word' id='word_1_257' title='bbox 963 4087 1078 4137; x_wconf 90' lang='lat' dir='ltr'>contra</span> <span class='ocrx_word' id='word_1_258' title='bbox 1094 4075 1263 4136; x_wconf 92' lang='lat' dir='ltr'>Romanos</span> <span class='ocrx_word' id='word_1_259' title='bbox 1287 4094 1377 4136; x_wconf 90' lang='lat' dir='ltr'>arma</span> 
     </span>
     <span class='ocr_line' id='line_1_35' title="bbox 206 4180 1377 4260; baseline 0.002 -20"><span class='ocrx_word' id='word_1_260' title='bbox 206 4180 360 4256; x_wconf 89' lang='lat' dir='ltr'>tulerunt,</span> <span class='ocrx_word' id='word_1_261' title='bbox 375 4193 406 4242; x_wconf 89' lang='lat' dir='ltr'>et</span> <span class='ocrx_word' id='word_1_262' title='bbox 424 4183 654 4243; x_wconf 84' lang='lat' dir='ltr'>infestissimus</span> <span class='ocrx_word' id='word_1_263' title='bbox 671 4193 703 4243; x_wconf 89' lang='lat' dir='ltr'>et</span> <span class='ocrx_word' id='word_1_264' title='bbox 720 4181 927 4245; x_wconf 88' lang='lat' dir='ltr'>fortissimus.</span> <span class='ocrx_word' id='word_1_265' title='bbox 961 4180 1180 4260; x_wconf 87' lang='lat' dir='ltr'>Quadecausa</span> <span class='ocrx_word' id='word_1_266' title='bbox 1192 4181 1377 4242; x_wconf 83' lang='lat' dir='ltr'>iraudulen-</span> 
     </span>
    </p>
   </div>
   <div class='ocr_carea' id='block_1_7' title="bbox 0 0 1593 5048">
    <p class='ocr_par' dir='ltr' id='par_1_7' title="bbox 0 0 1593 5048">
     <span class='ocr_line' id='line_1_36' title="bbox 0 0 1593 5048; baseline 0 0"><span class='ocrx_word' id='word_1_267' title='bbox 0 0 1593 5048; x_wconf 95' lang='lat' dir='ltr'> </span> 
     </span>
    </p>
   </div>
  </div>
 </body>
</html>
