<?xml version="1.0" encoding="UTF-8"?>
<!DOCTYPE html PUBLIC "-//W3C//DTD XHTML 1.0 Transitional//EN"
    "http://www.w3.org/TR/xhtml1/DTD/xhtml1-transitional.dtd">
<html xmlns="http://www.w3.org/1999/xhtml" xml:lang="en" lang="en">
 <head>
  <title>
</title>
<meta http-equiv="Content-Type" content="text/html;charset=utf-8" />
  <meta name='ocr-system' content='tesseract 3.04.00' />
  <meta name='ocr-capabilities' content='ocr_page ocr_carea ocr_par ocr_line ocrx_word'/>
</head>
<body>
  <div class='ocr_page' id='page_1' title='image "./delocisquibusda00kraegoog_0020.png"; bbox 0 0 3166 5048; ppageno 0'>
   <div class='ocr_carea' id='block_1_1' title="bbox 679 351 900 417">
    <p class='ocr_par' dir='ltr' id='par_1_1' title="bbox 679 351 900 417">
     <span class='ocr_line' id='line_1_1' title="bbox 679 351 900 417; baseline 0.009 -34"><span class='ocrx_word' id='word_1_1' title='bbox 679 351 900 417; x_wconf 66' lang='lat'>-„..</span> 
     </span>
    </p>
   </div>
   <div class='ocr_carea' id='block_1_2' title="bbox 177 547 1376 2232">
    <p class='ocr_par' dir='ltr' id='par_1_2' title="bbox 177 547 1376 2232">
     <span class='ocr_line' id='line_1_2' title="bbox 290 547 1372 635; baseline 0 -21"><span class='ocrx_word' id='word_1_2' title='bbox 290 552 341 614; x_wconf 91' lang='lat' dir='ltr'>Ac</span> <span class='ocrx_word' id='word_1_3' title='bbox 376 572 437 633; x_wconf 89' lang='lat' dir='ltr'>pro</span> <span class='ocrx_word' id='word_1_4' title='bbox 470 551 584 631; x_wconf 89' lang='lat' dir='ltr'><strong>Pyrrhi</strong></span> <span class='ocrx_word' id='word_1_5' title='bbox 618 548 701 635; x_wconf 89' lang='lat' dir='ltr'>(sive</span> <span class='ocrx_word' id='word_1_6' title='bbox 724 551 801 632; x_wconf 91' lang='lat' dir='ltr'>pirri</span> <span class='ocrx_word' id='word_1_7' title='bbox 810 547 861 635; x_wconf 82' lang='lat'>³³),</span> <span class='ocrx_word' id='word_1_8' title='bbox 892 552 981 632; x_wconf 93' lang='lat' dir='ltr'>quod</span> <span class='ocrx_word' id='word_1_9' title='bbox 1007 571 1128 614; x_wconf 90' lang='lat' dir='ltr'>nomen</span> <span class='ocrx_word' id='word_1_10' title='bbox 1160 554 1192 614; x_wconf 90' lang='lat' dir='ltr'>in</span> <span class='ocrx_word' id='word_1_11' title='bbox 1219 553 1372 615; x_wconf 89' lang='lat' dir='ltr'>omuibus</span> 
     </span>
     <span class='ocr_line' id='line_1_3' title="bbox 202 657 1372 739; baseline -0.001 -18"><span class='ocrx_word' id='word_1_12' title='bbox 202 659 372 722; x_wconf 90' lang='lat' dir='ltr'>codicibus</span> <span class='ocrx_word' id='word_1_13' title='bbox 388 659 563 733; x_wconf 85' lang='lat' dir='ltr'>invenitur,</span> <span class='ocrx_word' id='word_1_14' title='bbox 580 657 793 720; x_wconf 89' lang='lat' dir='ltr'>Housmanus</span> <span class='ocrx_word' id='word_1_15' title='bbox 815 659 991 739; x_wconf 87' lang='lat' dir='ltr'>proponit:</span> <span class='ocrx_word' id='word_1_16' title='bbox 1015 657 1120 720; x_wconf 90' lang='lat' dir='ltr'>furti</span> <span class='ocrx_word' id='word_1_17' title='bbox 1144 659 1257 722; x_wconf 92' lang='lat' dir='ltr'>dicens</span> <span class='ocrx_word' id='word_1_18' title='bbox 1274 660 1372 721; x_wconf 88' lang='lat' dir='ltr'>haec:</span> 
     </span>
     <span class='ocr_line' id='line_1_4' title="bbox 177 763 1372 846; baseline 0 -18"><span class='ocrx_word' id='word_1_19' title='bbox 177 776 180 780; x_wconf 83' lang='grc'><strong>’</strong></span> <span class='ocrx_word' id='word_1_20' title='bbox 203 767 348 846; x_wconf 85' lang='lat' dir='ltr'>Papirius</span> <span class='ocrx_word' id='word_1_21' title='bbox 373 766 512 828; x_wconf 89' lang='lat' dir='ltr'>devictis</span> <span class='ocrx_word' id='word_1_22' title='bbox 528 764 732 829; x_wconf 88' lang='lat' dir='ltr'>Samnitibus</span> <span class='ocrx_word' id='word_1_23' title='bbox 753 763 918 828; x_wconf 90' lang='lat' dir='ltr'>Caudinas</span> <span class='ocrx_word' id='word_1_24' title='bbox 941 766 1076 827; x_wconf 90' lang='lat' dir='ltr'>insidias</span> <span class='ocrx_word' id='word_1_25' title='bbox 1094 765 1182 828; x_wconf 89' lang='lat' dir='ltr'>ultus</span> <span class='ocrx_word' id='word_1_26' title='bbox 1204 775 1265 842; x_wconf 93' lang='lat' dir='ltr'>est,</span> <span class='ocrx_word' id='word_1_27' title='bbox 1285 764 1372 828; x_wconf 91' lang='lat' dir='ltr'>haud</span> 
     </span>
     <span class='ocr_line' id='line_1_5' title="bbox 201 872 1371 950; baseline -0.002 -15"><span class='ocrx_word' id='word_1_28' title='bbox 201 873 290 936; x_wconf 88' lang='lat' dir='ltr'>furto</span> <span class='ocrx_word' id='word_1_29' title='bbox 321 873 446 949; x_wconf 90' lang='lat' dir='ltr'>melior,</span> <span class='ocrx_word' id='word_1_30' title='bbox 480 872 539 935; x_wconf 92' lang='lat' dir='ltr'>sed</span> <span class='ocrx_word' id='word_1_31' title='bbox 571 872 711 934; x_wconf 85' lang='lat' dir='ltr'>fortibus</span> <span class='ocrx_word' id='word_1_32' title='bbox 742 873 851 938; x_wconf 85' lang='lat' dir='ltr'>armis.</span> <span class='ocrx_word' id='word_1_33' title='bbox 897 873 1003 934; x_wconf 87' lang='lat' dir='ltr'>Addit</span> <span class='ocrx_word' id='word_1_34' title='bbox 1033 893 1076 933; x_wconf 88' lang='lat' dir='ltr'>ex</span> <span class='ocrx_word' id='word_1_35' title='bbox 1105 872 1191 935; x_wconf 89' lang='lat' dir='ltr'>Flor.</span> <span class='ocrx_word' id='word_1_36' title='bbox 1221 872 1234 933; x_wconf 93' lang='grc' dir='ltr'>Ι</span> <span class='ocrx_word' id='word_1_37' title='bbox 1262 889 1309 939; x_wconf 86' lang='lat'>11.</span> <span class='ocrx_word' id='word_1_38' title='bbox 1337 887 1371 950; x_wconf 93' lang='lat'>7:</span> 
     </span>
     <span class='ocr_line' id='line_1_6' title="bbox 201 978 1374 1061; baseline -0.002 -18"><span class='ocrx_word' id='word_1_39' title='bbox 201 980 367 1044; x_wconf 86' lang='lat' dir='ltr'>Samnitas</span> <span class='ocrx_word' id='word_1_40' title='bbox 393 1014 433 1025; x_wconf 92' lang='lat'>-</span> <span class='ocrx_word' id='word_1_41' title='bbox 464 989 598 1060; x_wconf 86' lang='lat' dir='ltr'><strong>gentem</strong></span> <span class='ocrx_word' id='word_1_42' title='bbox 629 1013 671 1024; x_wconf 90' lang='lat'>-—</span> <span class='ocrx_word' id='word_1_43' title='bbox 705 980 867 1042; x_wconf 92' lang='lat' dir='ltr'>montium</span> <span class='ocrx_word' id='word_1_44' title='bbox 896 978 1011 1041; x_wconf 88' lang='lat' dir='ltr'>fraude</span> <span class='ocrx_word' id='word_1_45' title='bbox 1039 988 1254 1061; x_wconf 84' lang='lat' dir='ltr'>grassantem.</span> <span class='ocrx_word' id='word_1_46' title='bbox 1292 978 1374 1041; x_wconf 90' lang='lat' dir='ltr'>Aliis</span> 
     </span>
     <span class='ocr_line' id='line_1_7' title="bbox 200 1083 1373 1166; baseline -0.002 -18"><span class='ocrx_word' id='word_1_47' title='bbox 200 1095 313 1149; x_wconf 90' lang='lat' dir='ltr'>autem</span> <span class='ocrx_word' id='word_1_48' title='bbox 342 1085 488 1162; x_wconf 91' lang='lat' dir='ltr'>medelis,</span> <span class='ocrx_word' id='word_1_49' title='bbox 515 1105 599 1166; x_wconf 93' lang='lat' dir='ltr'>quae</span> <span class='ocrx_word' id='word_1_50' title='bbox 630 1095 706 1148; x_wconf 92' lang='lat' dir='ltr'>sunt</span> <span class='ocrx_word' id='word_1_51' title='bbox 737 1086 860 1148; x_wconf 89' lang='lat' dir='ltr'>Ponti</span> <span class='ocrx_word' id='word_1_52' title='bbox 891 1094 948 1148; x_wconf 91' lang='lat' dir='ltr'>aut</span> <span class='ocrx_word' id='word_1_53' title='bbox 978 1083 1137 1166; x_wconf 91' lang='lat' dir='ltr'>Spurii,</span> <span class='ocrx_word' id='word_1_54' title='bbox 1167 1105 1250 1162; x_wconf 88' lang='lat' dir='ltr'>eam,</span> <span class='ocrx_word' id='word_1_55' title='bbox 1274 1103 1373 1166; x_wconf 92' lang='lat' dir='ltr'>quam</span> 
     </span>
     <span class='ocr_line' id='line_1_8' title="bbox 201 1190 1374 1273; baseline -0.002 -18"><span class='ocrx_word' id='word_1_56' title='bbox 201 1192 306 1269; x_wconf 90' lang='lat' dir='ltr'>attuli,</span> <span class='ocrx_word' id='word_1_57' title='bbox 331 1193 379 1254; x_wconf 91' lang='lat' dir='ltr'>vir</span> <span class='ocrx_word' id='word_1_58' title='bbox 402 1194 522 1256; x_wconf 93' lang='lat' dir='ltr'>doctus</span> <span class='ocrx_word' id='word_1_59' title='bbox 546 1193 617 1273; x_wconf 94' lang='lat' dir='ltr'>ipse</span> <span class='ocrx_word' id='word_1_60' title='bbox 641 1191 793 1272; x_wconf 86' lang='lat' dir='ltr'>praefert.</span> <span class='ocrx_word' id='word_1_61' title='bbox 827 1190 894 1254; x_wconf 90' lang='lat' dir='ltr'>Sed</span> <span class='ocrx_word' id='word_1_62' title='bbox 915 1193 1022 1267; x_wconf 92' lang='lat' dir='ltr'>nobis,</span> <span class='ocrx_word' id='word_1_63' title='bbox 1043 1193 1232 1273; x_wconf 89' lang='lat' dir='ltr'>priusquam</span> <span class='ocrx_word' id='word_1_64' title='bbox 1254 1194 1309 1255; x_wconf 93' lang='lat' dir='ltr'>uni</span> <span class='ocrx_word' id='word_1_65' title='bbox 1331 1211 1374 1253; x_wconf 88' lang='lat' dir='ltr'>ex</span> 
     </span>
     <span class='ocr_line' id='line_1_9' title="bbox 202 1298 1375 1379; baseline 0.001 -20"><span class='ocrx_word' id='word_1_66' title='bbox 202 1300 307 1360; x_wconf 89' lang='lat' dir='ltr'>tribus</span> <span class='ocrx_word' id='word_1_67' title='bbox 323 1302 415 1361; x_wconf 90' lang='lat' dir='ltr'>vanis</span> <span class='ocrx_word' id='word_1_68' title='bbox 438 1299 650 1379; x_wconf 90' lang='lat' dir='ltr'>opinionibus</span> <span class='ocrx_word' id='word_1_69' title='bbox 673 1298 895 1378; x_wconf 90' lang='lat' dir='ltr'>astipulemur,</span> <span class='ocrx_word' id='word_1_70' title='bbox 913 1317 993 1360; x_wconf 90' lang='lat' dir='ltr'>num</span> <span class='ocrx_word' id='word_1_71' title='bbox 1014 1300 1148 1360; x_wconf 92' lang='lat' dir='ltr'>omnino</span> <span class='ocrx_word' id='word_1_72' title='bbox 1171 1299 1289 1360; x_wconf 90' lang='lat' dir='ltr'>vitiosa</span> <span class='ocrx_word' id='word_1_73' title='bbox 1310 1299 1375 1360; x_wconf 90' lang='lat' dir='ltr'>sint</span> 
     </span>
     <span class='ocr_line' id='line_1_10' title="bbox 203 1403 1375 1488; baseline 0 -22"><span class='ocrx_word' id='word_1_74' title='bbox 203 1405 321 1466; x_wconf 91' lang='lat' dir='ltr'>tradita</span> <span class='ocrx_word' id='word_1_75' title='bbox 333 1407 443 1481; x_wconf 89' lang='lat' dir='ltr'>verba,</span> <span class='ocrx_word' id='word_1_76' title='bbox 457 1406 637 1468; x_wconf 91' lang='lat' dir='ltr'>videndum</span> <span class='ocrx_word' id='word_1_77' title='bbox 655 1415 715 1471; x_wconf 87' lang='lat' dir='ltr'>est,</span> <span class='ocrx_word' id='word_1_78' title='bbox 749 1403 849 1484; x_wconf 83' lang='lat' dir='ltr'>Quod</span> <span class='ocrx_word' id='word_1_79' title='bbox 865 1406 1010 1488; x_wconf 83' lang='lat' dir='ltr'>negabit,</span> <span class='ocrx_word' id='word_1_80' title='bbox 1027 1405 1176 1485; x_wconf 90' lang='lat' dir='ltr'>quisquis</span> <span class='ocrx_word' id='word_1_81' title='bbox 1192 1407 1375 1467; x_wconf 79' lang='lat' dir='ltr'>accuratius</span> 
     </span>
     <span class='ocr_line' id='line_1_11' title="bbox 203 1509 1375 1590; baseline 0.001 -19"><span class='ocrx_word' id='word_1_82' title='bbox 203 1531 242 1572; x_wconf 86' lang='lat' dir='ltr'>ea</span> <span class='ocrx_word' id='word_1_83' title='bbox 270 1512 517 1578; x_wconf 87' lang='lat' dir='ltr'>examinaverit.</span> <span class='ocrx_word' id='word_1_84' title='bbox 574 1509 769 1574; x_wconf 87' lang='lat' dir='ltr'>Cavendum</span> <span class='ocrx_word' id='word_1_85' title='bbox 799 1521 910 1574; x_wconf 90' lang='lat' dir='ltr'>autem</span> <span class='ocrx_word' id='word_1_86' title='bbox 943 1531 1017 1574; x_wconf 91' lang='lat' dir='ltr'>esse</span> <span class='ocrx_word' id='word_1_87' title='bbox 1047 1512 1195 1586; x_wconf 87' lang='lat' dir='ltr'>arbitror,</span> <span class='ocrx_word' id='word_1_88' title='bbox 1230 1530 1272 1572; x_wconf 90' lang='lat' dir='ltr'>ne</span> <span class='ocrx_word' id='word_1_89' title='bbox 1303 1512 1375 1590; x_wconf 93' lang='lat' dir='ltr'>quis</span> 
     </span>
     <span class='ocr_line' id='line_1_12' title="bbox 203 1618 1375 1700; baseline 0.002 -22"><span class='ocrx_word' id='word_1_90' title='bbox 203 1619 304 1679; x_wconf 89' lang='lat' dir='ltr'>verba</span> <span class='ocrx_word' id='word_1_91' title='bbox 324 1638 401 1698; x_wconf 81' lang='lat' dir='ltr'>«per</span> <span class='ocrx_word' id='word_1_92' title='bbox 420 1618 522 1680; x_wconf 84' lang='lat' dir='ltr'>bella»</span> <span class='ocrx_word' id='word_1_93' title='bbox 542 1621 638 1682; x_wconf 92' lang='lat' dir='ltr'>nimis</span> <span class='ocrx_word' id='word_1_94' title='bbox 659 1629 786 1700; x_wconf 89' lang='lat' dir='ltr'>premat</span> <span class='ocrx_word' id='word_1_95' title='bbox 810 1628 866 1681; x_wconf 89' lang='lat' dir='ltr'>aut</span> <span class='ocrx_word' id='word_1_96' title='bbox 886 1637 983 1681; x_wconf 92' lang='lat' dir='ltr'>suum</span> <span class='ocrx_word' id='word_1_97' title='bbox 1006 1637 1144 1680; x_wconf 89' lang='lat' dir='ltr'>acumen</span> <span class='ocrx_word' id='word_1_98' title='bbox 1164 1636 1230 1679; x_wconf 90' lang='lat' dir='ltr'>non</span> <span class='ocrx_word' id='word_1_99' title='bbox 1255 1618 1375 1680; x_wconf 91' lang='lat' dir='ltr'>habere</span> 
     </span>
     <span class='ocr_line' id='line_1_13' title="bbox 201 1720 1375 1806; baseline -0.001 -21"><span class='ocrx_word' id='word_1_100' title='bbox 201 1725 364 1805; x_wconf 90' lang='lat' dir='ltr'>opinetur.</span> <span class='ocrx_word' id='word_1_101' title='bbox 388 1724 516 1806; x_wconf 89' lang='lat' dir='ltr'>Nempe</span> <span class='ocrx_word' id='word_1_102' title='bbox 533 1735 621 1787; x_wconf 91' lang='lat' dir='ltr'>amat</span> <span class='ocrx_word' id='word_1_103' title='bbox 634 1726 785 1788; x_wconf 90' lang='lat' dir='ltr'>Manilius</span> <span class='ocrx_word' id='word_1_104' title='bbox 803 1746 858 1787; x_wconf 91' lang='lat' dir='ltr'>eas</span> <span class='ocrx_word' id='word_1_105' title='bbox 875 1720 1103 1801; x_wconf 77' lang='lat' dir='ltr'>locutiones⁸4,</span> <span class='ocrx_word' id='word_1_106' title='bbox 1120 1744 1201 1805; x_wconf 89' lang='lat' dir='ltr'>quas</span> <span class='ocrx_word' id='word_1_107' title='bbox 1218 1734 1254 1786; x_wconf 89' lang='lat' dir='ltr'>ut</span> <span class='ocrx_word' id='word_1_108' title='bbox 1268 1733 1375 1785; x_wconf 90' lang='lat' dir='ltr'>metro</span> 
     </span>
     <span class='ocr_line' id='line_1_14' title="bbox 201 1831 1376 1914; baseline -0.001 -22"><span class='ocrx_word' id='word_1_109' title='bbox 201 1840 330 1911; x_wconf 89' lang='lat' dir='ltr'>aptaret</span> <span class='ocrx_word' id='word_1_110' title='bbox 354 1832 384 1893; x_wconf 93' lang='lat' dir='ltr'>ei</span> <span class='ocrx_word' id='word_1_111' title='bbox 408 1833 555 1914; x_wconf 84' lang='lat' dir='ltr'>contigit,</span> <span class='ocrx_word' id='word_1_112' title='bbox 575 1843 675 1914; x_wconf 90' lang='lat' dir='ltr'>atque</span> <span class='ocrx_word' id='word_1_113' title='bbox 695 1843 732 1895; x_wconf 92' lang='lat' dir='ltr'>ut</span> <span class='ocrx_word' id='word_1_114' title='bbox 751 1832 763 1893; x_wconf 93' lang='grc' dir='ltr'>Ι</span> <span class='ocrx_word' id='word_1_115' title='bbox 788 1834 861 1908; x_wconf 85' lang='grc'><strong>800,</strong></span> <span class='ocrx_word' id='word_1_116' title='bbox 879 1831 920 1893; x_wconf 91' lang='grc' dir='ltr'>ΙΙΙ</span> <span class='ocrx_word' id='word_1_117' title='bbox 943 1848 1015 1908; x_wconf 85' lang='lat'>212,</span> <span class='ocrx_word' id='word_1_118' title='bbox 1029 1831 1062 1892; x_wconf 96' lang='lat' dir='ltr'>V</span> <span class='ocrx_word' id='word_1_119' title='bbox 1078 1833 1120 1909; x_wconf 89' lang='lat'>98</span> <span class='ocrx_word' id='word_1_120' title='bbox 1137 1851 1196 1911; x_wconf 89' lang='lat' dir='ltr'>per</span> <span class='ocrx_word' id='word_1_121' title='bbox 1212 1833 1313 1914; x_wconf 82' lang='lat' dir='ltr'>signa,</span> <span class='ocrx_word' id='word_1_122' title='bbox 1332 1832 1376 1891; x_wconf 90' lang='lat' dir='ltr'>ita</span> 
     </span>
     <span class='ocr_line' id='line_1_15' title="bbox 203 1935 1375 2023; baseline 0.001 -25"><span class='ocrx_word' id='word_1_123' title='bbox 203 1937 297 2016; x_wconf 87' lang='lat'>1796</span> <span class='ocrx_word' id='word_1_124' title='bbox 319 1947 352 1999; x_wconf 93' lang='lat' dir='ltr'>et</span> <span class='ocrx_word' id='word_1_125' title='bbox 376 1951 441 2017; x_wconf 91' lang='lat'>790</span> <span class='ocrx_word' id='word_1_126' title='bbox 462 1938 507 2018; x_wconf 92' lang='lat' dir='ltr'>(V</span> <span class='ocrx_word' id='word_1_127' title='bbox 527 1935 602 2023; x_wconf 84' lang='lat'><strong>502)</strong></span> <span class='ocrx_word' id='word_1_128' title='bbox 626 1959 684 2019; x_wconf 92' lang='lat' dir='ltr'>per</span> <span class='ocrx_word' id='word_1_129' title='bbox 701 1938 785 2000; x_wconf 89' lang='lat' dir='ltr'>bella</span> <span class='ocrx_word' id='word_1_130' title='bbox 808 1938 960 2013; x_wconf 90' lang='lat' dir='ltr'>adhibet;</span> <span class='ocrx_word' id='word_1_131' title='bbox 985 1937 1027 2000; x_wconf 86' lang='lat' dir='ltr'>cf.</span> <span class='ocrx_word' id='word_1_132' title='bbox 1045 1939 1150 2000; x_wconf 92' lang='lat' dir='ltr'>victor</span> <span class='ocrx_word' id='word_1_133' title='bbox 1174 1937 1186 1998; x_wconf 91' lang='lat'>1</span> <span class='ocrx_word' id='word_1_134' title='bbox 1207 1937 1282 2016; x_wconf 90' lang='lat'>776,</span> <span class='ocrx_word' id='word_1_135' title='bbox 1301 1951 1375 2015; x_wconf 88' lang='lat'>790,</span> 
     </span>
     <span class='ocr_line' id='line_1_16' title="bbox 202 2038 1375 2125; baseline -0.001 -19"><span class='ocrx_word' id='word_1_136' title='bbox 202 2038 459 2122; x_wconf 58' lang='lat' dir='ltr'>797;&#39;nec-nec</span> <span class='ocrx_word' id='word_1_137' title='bbox 483 2044 496 2106; x_wconf 95' lang='grc' dir='ltr'>Ι</span> <span class='ocrx_word' id='word_1_138' title='bbox 521 2047 582 2125; x_wconf 83' lang='lat'>285</span> <span class='ocrx_word' id='word_1_139' title='bbox 615 2059 647 2107; x_wconf 92' lang='lat' dir='ltr'>et</span> <span class='ocrx_word' id='word_1_140' title='bbox 674 2046 747 2120; x_wconf 83' lang='lat'>286,</span> <span class='ocrx_word' id='word_1_141' title='bbox 775 2048 837 2122; x_wconf 82' lang='lat'>382</span> <span class='ocrx_word' id='word_1_142' title='bbox 867 2054 900 2107; x_wconf 89' lang='lat' dir='ltr'>et</span> <span class='ocrx_word' id='word_1_143' title='bbox 926 2046 1006 2122; x_wconf 88' lang='lat'>383;</span> <span class='ocrx_word' id='word_1_144' title='bbox 1031 2055 1088 2107; x_wconf 92' lang='lat' dir='ltr'>aut</span> <span class='ocrx_word' id='word_1_145' title='bbox 1119 2083 1154 2094; x_wconf 89' lang='grc'><strong>-</strong></span> <span class='ocrx_word' id='word_1_146' title='bbox 1185 2043 1278 2107; x_wconf 92' lang='lat' dir='ltr'>autl</span> <span class='ocrx_word' id='word_1_147' title='bbox 1315 2056 1375 2123; x_wconf 88' lang='lat'>137</span> 
     </span>
     <span class='ocr_line' id='line_1_17' title="bbox 203 2151 895 2232; baseline 0.009 -21"><span class='ocrx_word' id='word_1_148' title='bbox 203 2159 237 2210; x_wconf 92' lang='lat' dir='ltr'>et</span> <span class='ocrx_word' id='word_1_149' title='bbox 265 2165 301 2227; x_wconf 82' lang='lat'>13</span> <span class='ocrx_word' id='word_1_150' title='bbox 329 2152 364 2227; x_wconf 91' lang='lat'>8;</span> <span class='ocrx_word' id='word_1_151' title='bbox 390 2161 423 2213; x_wconf 96' lang='lat' dir='ltr'>et</span> <span class='ocrx_word' id='word_1_152' title='bbox 447 2153 479 2213; x_wconf 88' lang='lat' dir='ltr'>in</span> <span class='ocrx_word' id='word_1_153' title='bbox 503 2153 606 2232; x_wconf 91' lang='lat' dir='ltr'>princ.</span> <span class='ocrx_word' id='word_1_154' title='bbox 625 2151 684 2218; x_wconf 80' lang='lat' dir='ltr'>v,I</span> <span class='ocrx_word' id='word_1_155' title='bbox 709 2153 895 2231; x_wconf 83' lang='lat'>781—784.</span> 
     </span>
    </p>
   </div>
   <div class='ocr_carea' id='block_1_3' title="bbox 202 2310 1377 2479">
    <p class='ocr_par' dir='ltr' id='par_1_3' title="bbox 202 2310 1377 2479">
     <span class='ocr_line' id='line_1_18' title="bbox 292 2310 1377 2392; baseline 0.002 -21"><span class='ocrx_word' id='word_1_156' title='bbox 292 2310 340 2371; x_wconf 92' lang='lat' dir='ltr'>Re</span> <span class='ocrx_word' id='word_1_157' title='bbox 373 2330 449 2372; x_wconf 90' lang='lat' dir='ltr'>vera</span> <span class='ocrx_word' id='word_1_158' title='bbox 479 2321 590 2372; x_wconf 90' lang='lat' dir='ltr'>autem</span> <span class='ocrx_word' id='word_1_159' title='bbox 626 2332 644 2372; x_wconf 90' lang='lat' dir='ltr'>a</span> <span class='ocrx_word' id='word_1_160' title='bbox 680 2312 809 2391; x_wconf 89' lang='lat' dir='ltr'>Papirio</span> <span class='ocrx_word' id='word_1_161' title='bbox 840 2332 892 2373; x_wconf 90' lang='lat' dir='ltr'>res</span> <span class='ocrx_word' id='word_1_162' title='bbox 924 2331 996 2373; x_wconf 92' lang='lat' dir='ltr'>esse</span> <span class='ocrx_word' id='word_1_163' title='bbox 1025 2321 1136 2392; x_wconf 84' lang='lat' dir='ltr'>gestas</span> <span class='ocrx_word' id='word_1_164' title='bbox 1165 2310 1377 2373; x_wconf 85' lang='lat' dir='ltr'>manifestum</span> 
     </span>
     <span class='ocr_line' id='line_1_19' title="bbox 202 2416 375 2479; baseline 0.012 -2"><span class='ocrx_word' id='word_1_165' title='bbox 202 2416 258 2478; x_wconf 88' lang='lat' dir='ltr'>fiet</span> <span class='ocrx_word' id='word_1_166' title='bbox 283 2416 375 2479; x_wconf 86' lang='lat' dir='ltr'>infra.</span> 
     </span>
    </p>
   </div>
   <div class='ocr_carea' id='block_1_4' title="bbox 202 2558 1379 4243">
    <p class='ocr_par' dir='ltr' id='par_1_4' title="bbox 202 2558 1379 4243">
     <span class='ocr_line' id='line_1_20' title="bbox 292 2558 1377 2641; baseline 0.005 -22"><span class='ocrx_word' id='word_1_167' title='bbox 292 2558 359 2620; x_wconf 88' lang='lat' dir='ltr'>Iam</span> <span class='ocrx_word' id='word_1_168' title='bbox 391 2579 469 2621; x_wconf 90' lang='lat' dir='ltr'>vero</span> <span class='ocrx_word' id='word_1_169' title='bbox 500 2561 727 2641; x_wconf 88' lang='lat' dir='ltr'>maximopere</span> <span class='ocrx_word' id='word_1_170' title='bbox 763 2563 898 2623; x_wconf 89' lang='lat' dir='ltr'>miratus</span> <span class='ocrx_word' id='word_1_171' title='bbox 928 2579 1017 2635; x_wconf 92' lang='lat' dir='ltr'>sum,</span> <span class='ocrx_word' id='word_1_172' title='bbox 1048 2560 1138 2640; x_wconf 93' lang='lat' dir='ltr'>quod</span> <span class='ocrx_word' id='word_1_173' title='bbox 1169 2560 1313 2624; x_wconf 91' lang='lat' dir='ltr'>Prinzius</span> <span class='ocrx_word' id='word_1_174' title='bbox 1345 2563 1377 2623; x_wconf 89' lang='lat' dir='ltr'>in</span> 
     </span>
     <span class='ocr_line' id='line_1_21' title="bbox 202 2665 1376 2746; baseline 0.003 -20"><span class='ocrx_word' id='word_1_175' title='bbox 202 2666 285 2727; x_wconf 91' lang='lat' dir='ltr'>actis</span> <span class='ocrx_word' id='word_1_176' title='bbox 317 2665 377 2727; x_wconf 93' lang='lat' dir='ltr'>illis</span> <span class='ocrx_word' id='word_1_177' title='bbox 410 2685 494 2746; x_wconf 92' lang='lat' dir='ltr'>quae</span> <span class='ocrx_word' id='word_1_178' title='bbox 527 2668 665 2729; x_wconf 89' lang='lat' dir='ltr'>audiunt</span> <span class='ocrx_word' id='word_1_179' title='bbox 696 2667 881 2729; x_wconf 87' lang='lat' dir='ltr'>Zeitschrist</span> <span class='ocrx_word' id='word_1_180' title='bbox 914 2667 964 2728; x_wconf 84' lang='lat' dir='ltr'>fiir</span> <span class='ocrx_word' id='word_1_181' title='bbox 994 2667 1048 2728; x_wconf 92' lang='lat' dir='ltr'>die</span> <span class='ocrx_word' id='word_1_182' title='bbox 1081 2667 1376 2730; x_wconf 76' lang='lat' dir='ltr'>osterreichischen</span> 
     </span>
     <span class='ocr_line' id='line_1_22' title="bbox 203 2769 1376 2855; baseline 0.002 -21"><span class='ocrx_word' id='word_1_183' title='bbox 203 2769 407 2851; x_wconf 90' lang='lat' dir='ltr'>Gymnasien</span> <span class='ocrx_word' id='word_1_184' title='bbox 438 2792 469 2851; x_wconf 90' lang='lat' dir='ltr'>p.</span> <span class='ocrx_word' id='word_1_185' title='bbox 497 2785 562 2851; x_wconf 85' lang='lat'>254</span> <span class='ocrx_word' id='word_1_186' title='bbox 590 2773 775 2836; x_wconf 90' lang='lat' dir='ltr'>Housmani</span> <span class='ocrx_word' id='word_1_187' title='bbox 806 2776 876 2836; x_wconf 92' lang='lat' dir='ltr'>eius</span> <span class='ocrx_word' id='word_1_188' title='bbox 906 2773 980 2849; x_wconf 90' lang='lat' dir='ltr'>loci,</span> <span class='ocrx_word' id='word_1_189' title='bbox 1011 2774 1054 2835; x_wconf 92' lang='lat' dir='ltr'>de</span> <span class='ocrx_word' id='word_1_190' title='bbox 1085 2794 1151 2855; x_wconf 92' lang='lat' dir='ltr'>quo</span> <span class='ocrx_word' id='word_1_191' title='bbox 1180 2775 1376 2854; x_wconf 90' lang='lat' dir='ltr'>disputatur,</span> 
     </span>
     <span class='ocr_line' id='line_1_23' title="bbox 203 2879 1377 2962; baseline 0.004 -24"><span class='ocrx_word' id='word_1_192' title='bbox 203 2879 420 2940; x_wconf 89' lang='lat' dir='ltr'>mutationem</span> <span class='ocrx_word' id='word_1_193' title='bbox 442 2880 572 2959; x_wconf 91' lang='lat' dir='ltr'>probat,</span> <span class='ocrx_word' id='word_1_194' title='bbox 590 2883 667 2960; x_wconf 91' lang='lat' dir='ltr'>quia</span> <span class='ocrx_word' id='word_1_195' title='bbox 683 2900 863 2962; x_wconf 89' lang='lat' dir='ltr'>numquam</span> <span class='ocrx_word' id='word_1_196' title='bbox 881 2880 1027 2961; x_wconf 91' lang='lat' dir='ltr'>Papirius</span> <span class='ocrx_word' id='word_1_197' title='bbox 1045 2902 1120 2943; x_wconf 92' lang='lat' dir='ltr'>cum</span> <span class='ocrx_word' id='word_1_198' title='bbox 1136 2881 1260 2960; x_wconf 92' lang='lat' dir='ltr'>Pyrrho</span> <span class='ocrx_word' id='word_1_199' title='bbox 1280 2883 1377 2943; x_wconf 90' lang='lat' dir='ltr'>armis</span> 
     </span>
     <span class='ocr_line' id='line_1_24' title="bbox 203 2981 1377 3070; baseline 0.003 -25"><span class='ocrx_word' id='word_1_200' title='bbox 203 2985 432 3047; x_wconf 92' lang='lat' dir='ltr'>contendisset</span> <span class='ocrx_word' id='word_1_201' title='bbox 441 2981 469 3021; x_wconf 82' lang='lat'>³⁶</span> <span class='ocrx_word' id='word_1_202' title='bbox 502 2987 559 3067; x_wconf 81' lang='lat' dir='ltr'>(im</span> <span class='ocrx_word' id='word_1_203' title='bbox 584 2986 685 3048; x_wconf 86' lang='lat' dir='ltr'>Felde</span> <span class='ocrx_word' id='word_1_204' title='bbox 710 2988 1101 3070; x_wconf 72' lang='lat' dir='ltr'>entgegengestandenll.</span> <span class='ocrx_word' id='word_1_205' title='bbox 1144 2989 1192 3049; x_wconf 86' lang='lat' dir='ltr'>At</span> <span class='ocrx_word' id='word_1_206' title='bbox 1216 2989 1272 3050; x_wconf 93' lang='lat' dir='ltr'>ubi</span> <span class='ocrx_word' id='word_1_207' title='bbox 1296 2987 1377 3049; x_wconf 91' lang='lat' dir='ltr'>haec</span> 
     </span>
     <span class='ocr_line' id='line_1_25' title="bbox 204 3090 1377 3175; baseline 0.004 -24"><span class='ocrx_word' id='word_1_208' title='bbox 204 3090 288 3153; x_wconf 89' lang='lat' dir='ltr'>dixit</span> <span class='ocrx_word' id='word_1_209' title='bbox 318 3095 567 3155; x_wconf 91' lang='lat' dir='ltr'>astronomicon</span> <span class='ocrx_word' id='word_1_210' title='bbox 592 3094 713 3175; x_wconf 83' lang='lat' dir='ltr'>poeta?</span> <span class='ocrx_word' id='word_1_211' title='bbox 753 3093 926 3174; x_wconf 91' lang='lat' dir='ltr'>Nusquam</span> <span class='ocrx_word' id='word_1_212' title='bbox 956 3093 1108 3175; x_wconf 82' lang='lat' dir='ltr'>profecto</span> <span class='ocrx_word' id='word_1_213' title='bbox 1138 3094 1191 3156; x_wconf 90' lang='lat' dir='ltr'>ille</span> <span class='ocrx_word' id='word_1_214' title='bbox 1215 3095 1377 3174; x_wconf 89' lang='lat' dir='ltr'>Papirium</span> 
     </span>
     <span class='ocr_line' id='line_1_26' title="bbox 205 3197 1377 3283; baseline 0.004 -26"><span class='ocrx_word' id='word_1_215' title='bbox 205 3216 280 3261; x_wconf 90' lang='lat' dir='ltr'>curn</span> <span class='ocrx_word' id='word_1_216' title='bbox 287 3197 412 3278; x_wconf 92' lang='lat' dir='ltr'>Pyrrho</span> <span class='ocrx_word' id='word_1_217' title='bbox 423 3199 546 3262; x_wconf 91' lang='lat' dir='ltr'>bellum</span> <span class='ocrx_word' id='word_1_218' title='bbox 559 3203 701 3283; x_wconf 85' lang='lat' dir='ltr'>gessisse</span> <span class='ocrx_word' id='word_1_219' title='bbox 712 3211 963 3276; x_wconf 90' lang='lat' dir='ltr'>commemorat,</span> <span class='ocrx_word' id='word_1_220' title='bbox 974 3202 1035 3263; x_wconf 90' lang='lat' dir='ltr'>sed</span> <span class='ocrx_word' id='word_1_221' title='bbox 1047 3201 1186 3281; x_wconf 90' lang='lat' dir='ltr'>Pyrrhi</span> <span class='ocrx_word' id='word_1_222' title='bbox 1203 3200 1289 3263; x_wconf 91' lang='lat' dir='ltr'>ulto</span> <span class='ocrx_word' id='word_1_223' title='bbox 1299 3221 1377 3262; x_wconf 93' lang='lat' dir='ltr'>rem</span> 
     </span>
     <span class='ocr_line' id='line_1_27' title="bbox 205 3305 1378 3388; baseline 0.003 -23"><span class='ocrx_word' id='word_1_224' title='bbox 205 3322 280 3366; x_wconf 91' lang='lat' dir='ltr'>eum</span> <span class='ocrx_word' id='word_1_225' title='bbox 310 3305 465 3385; x_wconf 85' lang='lat' dir='ltr'>appellat.</span> <span class='ocrx_word' id='word_1_226' title='bbox 505 3305 583 3369; x_wconf 89' lang='lat' dir='ltr'>Sine</span> <span class='ocrx_word' id='word_1_227' title='bbox 615 3308 718 3370; x_wconf 94' lang='lat' dir='ltr'>dubio</span> <span class='ocrx_word' id='word_1_228' title='bbox 749 3317 860 3370; x_wconf 88' lang='lat' dir='ltr'>autem</span> <span class='ocrx_word' id='word_1_229' title='bbox 891 3307 978 3371; x_wconf 92' lang='lat' dir='ltr'>ultus</span> <span class='ocrx_word' id='word_1_230' title='bbox 1010 3316 1061 3370; x_wconf 92' lang='lat' dir='ltr'>est</span> <span class='ocrx_word' id='word_1_231' title='bbox 1090 3307 1268 3382; x_wconf 90' lang='lat' dir='ltr'>Romanos,</span> <span class='ocrx_word' id='word_1_232' title='bbox 1294 3327 1378 3388; x_wconf 93' lang='lat' dir='ltr'>quos</span> 
     </span>
     <span class='ocr_line' id='line_1_28' title="bbox 203 3410 1378 3497; baseline 0.004 -25"><span class='ocrx_word' id='word_1_233' title='bbox 203 3410 355 3490; x_wconf 87' lang='lat' dir='ltr'>Pyrrhus,</span> <span class='ocrx_word' id='word_1_234' title='bbox 368 3411 625 3476; x_wconf 88' lang='lat' dir='ltr'>Tarentinorum</span> <span class='ocrx_word' id='word_1_235' title='bbox 646 3416 822 3477; x_wconf 91' lang='lat' dir='ltr'>acerrimus</span> <span class='ocrx_word' id='word_1_236' title='bbox 844 3424 877 3476; x_wconf 93' lang='lat' dir='ltr'>et</span> <span class='ocrx_word' id='word_1_237' title='bbox 898 3416 1007 3478; x_wconf 91' lang='lat' dir='ltr'>socius</span> <span class='ocrx_word' id='word_1_238' title='bbox 1027 3424 1061 3476; x_wconf 90' lang='lat' dir='ltr'>et</span> <span class='ocrx_word' id='word_1_239' title='bbox 1082 3415 1161 3490; x_wconf 89' lang='lat' dir='ltr'>dux,</span> <span class='ocrx_word' id='word_1_240' title='bbox 1179 3415 1378 3497; x_wconf 86' lang='lat' dir='ltr'>gravissimis</span> 
     </span>
     <span class='ocr_line' id='line_1_29' title="bbox 203 3517 1377 3602; baseline 0.003 -23"><span class='ocrx_word' id='word_1_241' title='bbox 203 3517 351 3581; x_wconf 90' lang='lat' dir='ltr'>cladibus</span> <span class='ocrx_word' id='word_1_242' title='bbox 369 3519 534 3597; x_wconf 87' lang='lat' dir='ltr'>affecerat,</span> <span class='ocrx_word' id='word_1_243' title='bbox 556 3523 722 3601; x_wconf 91' lang='lat' dir='ltr'>quoniam,</span> <span class='ocrx_word' id='word_1_244' title='bbox 740 3532 918 3602; x_wconf 89' lang='lat' dir='ltr'>postquam</span> <span class='ocrx_word' id='word_1_245' title='bbox 934 3522 1076 3602; x_wconf 91' lang='lat' dir='ltr'>Pyrrhus</span> <span class='ocrx_word' id='word_1_246' title='bbox 1096 3542 1140 3583; x_wconf 86' lang='lat' dir='ltr'>ex</span> <span class='ocrx_word' id='word_1_247' title='bbox 1161 3521 1251 3583; x_wconf 88' lang='lat' dir='ltr'>ltalia</span> <span class='ocrx_word' id='word_1_248' title='bbox 1267 3523 1377 3595; x_wconf 90' lang='lat' dir='ltr'>cessit,</span> 
     </span>
     <span class='ocr_line' id='line_1_30' title="bbox 204 3625 1378 3711; baseline 0.002 -25"><span class='ocrx_word' id='word_1_249' title='bbox 204 3644 280 3687; x_wconf 91' lang='lat' dir='ltr'>cum</span> <span class='ocrx_word' id='word_1_250' title='bbox 311 3625 472 3702; x_wconf 90' lang='lat' dir='ltr'>hostibus,</span> <span class='ocrx_word' id='word_1_251' title='bbox 505 3629 560 3708; x_wconf 93' lang='lat' dir='ltr'>qui</span> <span class='ocrx_word' id='word_1_252' title='bbox 594 3627 682 3689; x_wconf 92' lang='lat' dir='ltr'>illum</span> <span class='ocrx_word' id='word_1_253' title='bbox 715 3630 963 3704; x_wconf 88' lang='lat' dir='ltr'>arcessiverant,</span> <span class='ocrx_word' id='word_1_254' title='bbox 993 3648 1028 3690; x_wconf 91' lang='lat' dir='ltr'>re</span> <span class='ocrx_word' id='word_1_255' title='bbox 1060 3629 1146 3690; x_wconf 93' lang='lat' dir='ltr'>bene</span> <span class='ocrx_word' id='word_1_256' title='bbox 1178 3638 1272 3711; x_wconf 84' lang='lat' dir='ltr'>gesta</span> <span class='ocrx_word' id='word_1_257' title='bbox 1304 3627 1378 3689; x_wconf 86' lang='lat' dir='ltr'>belli</span> 
     </span>
     <span class='ocr_line' id='line_1_31' title="bbox 203 3730 1379 3818; baseline 0.004 -27"><span class='ocrx_word' id='word_1_258' title='bbox 203 3730 303 3792; x_wconf 87' lang='lat' dir='ltr'>finem</span> <span class='ocrx_word' id='word_1_259' title='bbox 322 3732 398 3794; x_wconf 87' lang='lat' dir='ltr'>fecit</span> <span class='ocrx_word' id='word_1_260' title='bbox 419 3744 518 3813; x_wconf 92' lang='lat' dir='ltr'>atque</span> <span class='ocrx_word' id='word_1_261' title='bbox 540 3735 740 3816; x_wconf 90' lang='lat' dir='ltr'>triumphum</span> <span class='ocrx_word' id='word_1_262' title='bbox 757 3737 833 3818; x_wconf 85' lang='lat' dir='ltr'>egit,</span> <span class='ocrx_word' id='word_1_263' title='bbox 852 3755 919 3816; x_wconf 92' lang='lat' dir='ltr'>quo</span> <span class='ocrx_word' id='word_1_264' title='bbox 939 3756 1047 3817; x_wconf 91' lang='lat' dir='ltr'>neque</span> <span class='ocrx_word' id='word_1_265' title='bbox 1066 3745 1164 3798; x_wconf 88' lang='lat' dir='ltr'>antea</span> <span class='ocrx_word' id='word_1_266' title='bbox 1180 3756 1242 3798; x_wconf 91' lang='lat' dir='ltr'>nec</span> <span class='ocrx_word' id='word_1_267' title='bbox 1262 3744 1379 3816; x_wconf 90' lang='lat' dir='ltr'>postea</span> 
     </span>
     <span class='ocr_line' id='line_1_32' title="bbox 204 3837 1378 3923; baseline 0.005 -26"><span class='ocrx_word' id='word_1_268' title='bbox 204 3837 354 3900; x_wconf 92' lang='lat' dir='ltr'>viderunt</span> <span class='ocrx_word' id='word_1_269' title='bbox 386 3839 525 3902; x_wconf 90' lang='lat' dir='ltr'>Romani</span> <span class='ocrx_word' id='word_1_270' title='bbox 557 3843 816 3922; x_wconf 90' lang='lat' dir='ltr'>splendidiorem</span> <span class='ocrx_word' id='word_1_271' title='bbox 825 3839 862 3905; x_wconf 77' lang='lat'>³⁶.</span> <span class='ocrx_word' id='word_1_272' title='bbox 888 3842 1045 3904; x_wconf 84' lang='lat' dir='ltr'>¹immane</span> <span class='ocrx_word' id='word_1_273' title='bbox 1076 3852 1235 3923; x_wconf 91' lang='lat' dir='ltr'>quantum</span> <span class='ocrx_word' id='word_1_274' title='bbox 1259 3843 1378 3923; x_wconf 85' lang='lat' dir='ltr'>gaudio</span> 
     </span>
     <span class='ocr_line' id='line_1_33' title="bbox 204 3943 1379 4026; baseline 0.007 -23"><span class='ocrx_word' id='word_1_275' title='bbox 204 3943 318 4005; x_wconf 81' lang='lat' dir='ltr'>affecti</span> <span class='ocrx_word' id='word_1_276' title='bbox 342 3957 420 4009; x_wconf 89' lang='lat' dir='ltr'>sunt</span> <span class='ocrx_word' id='word_1_277' title='bbox 444 3947 583 4011; x_wconf 89' lang='lat' dir='ltr'>Romani</span> <span class='ocrx_word' id='word_1_278' title='bbox 614 3952 748 4011; x_wconf 90' lang='lat' dir='ltr'>immani</span> <span class='ocrx_word' id='word_1_279' title='bbox 775 3949 873 4011; x_wconf 90' lang='lat' dir='ltr'>hoste</span> <span class='ocrx_word' id='word_1_280' title='bbox 897 3952 1002 4026; x_wconf 88' lang='lat' dir='ltr'>victo;</span> <span class='ocrx_word' id='word_1_281' title='bbox 1032 3950 1190 4012; x_wconf 89' lang='lat' dir='ltr'>libertatis</span> <span class='ocrx_word' id='word_1_282' title='bbox 1214 3949 1379 4011; x_wconf 87' lang='lat' dir='ltr'>desiderio</span> 
     </span>
     <span class='ocr_line' id='line_1_34' title="bbox 206 4055 1378 4138; baseline 0.009 -27"><span class='ocrx_word' id='word_1_283' title='bbox 206 4064 399 4114; x_wconf 88' lang='lat' dir='ltr'>exarserunt</span> <span class='ocrx_word' id='word_1_284' title='bbox 416 4075 530 4116; x_wconf 89' lang='lat' dir='ltr'>eorum</span> <span class='ocrx_word' id='word_1_285' title='bbox 548 4058 646 4118; x_wconf 90' lang='lat' dir='ltr'>animi</span> <span class='ocrx_word' id='word_1_286' title='bbox 664 4068 740 4136; x_wconf 92' lang='lat' dir='ltr'>post</span> <span class='ocrx_word' id='word_1_287' title='bbox 757 4069 825 4117; x_wconf 84' lang='lat' dir='ltr'>tam</span> <span class='ocrx_word' id='word_1_288' title='bbox 838 4074 936 4137; x_wconf 84' lang='lat' dir='ltr'>grave</span> <span class='ocrx_word' id='word_1_289' title='bbox 950 4067 1084 4137; x_wconf 91' lang='lat' dir='ltr'>tamque</span> <span class='ocrx_word' id='word_1_290' title='bbox 1097 4056 1230 4138; x_wconf 82' lang='lat' dir='ltr'>longum</span> <span class='ocrx_word' id='word_1_291' title='bbox 1247 4055 1378 4122; x_wconf 91' lang='lat' dir='ltr'>bellum.</span> 
     </span>
     <span class='ocr_line' id='line_1_35' title="bbox 207 4157 1378 4243; baseline 0.006 -25"><span class='ocrx_word' id='word_1_292' title='bbox 207 4157 360 4220; x_wconf 90' lang='lat' dir='ltr'>Mirificus</span> <span class='ocrx_word' id='word_1_293' title='bbox 403 4181 482 4223; x_wconf 91' lang='lat' dir='ltr'>vero</span> <span class='ocrx_word' id='word_1_294' title='bbox 527 4161 695 4224; x_wconf 93' lang='lat' dir='ltr'>latinitatis</span> <span class='ocrx_word' id='word_1_295' title='bbox 739 4174 855 4225; x_wconf 89' lang='lat' dir='ltr'>auctor</span> <span class='ocrx_word' id='word_1_296' title='bbox 893 4164 1021 4226; x_wconf 91' lang='lat' dir='ltr'>videtur</span> <span class='ocrx_word' id='word_1_297' title='bbox 1060 4164 1087 4224; x_wconf 94' lang='lat' dir='ltr'>is</span> <span class='ocrx_word' id='word_1_298' title='bbox 1128 4182 1215 4238; x_wconf 92' lang='lat' dir='ltr'>esse,</span> <span class='ocrx_word' id='word_1_299' title='bbox 1249 4183 1268 4224; x_wconf 91' lang='lat' dir='ltr'>a</span> <span class='ocrx_word' id='word_1_300' title='bbox 1312 4182 1378 4243; x_wconf 92' lang='lat' dir='ltr'>quo</span> 
     </span>
    </p>
   </div>
   <div class='ocr_carea' id='block_1_5' title="bbox 0 0 1594 5048">
    <p class='ocr_par' dir='ltr' id='par_1_5' title="bbox 0 0 1594 5048">
     <span class='ocr_line' id='line_1_36' title="bbox 0 0 1594 5048; baseline 0 0"><span class='ocrx_word' id='word_1_301' title='bbox 0 0 1594 5048; x_wconf 95' lang='lat' dir='ltr'> </span> 
     </span>
    </p>
   </div>
  </div>
 </body>
</html>
