3166 5048
680 347 897 412 ..33-

291 548 339 609 Ita
358 549 419 610 hos
436 567 551 609 versus
568 548 665 609 vertit
681 547 868 622 Merkelius,
888 549 938 608 cui
955 549 1096 627 primum
1114 547 1372 613 Astronomicon

202 655 320 717 librum
340 656 509 717 debemus.
542 653 625 717 Cum
642 658 731 717 enim
747 654 952 736 Francogalli
968 656 1105 732 duabus,
1124 677 1205 737 quas
1223 656 1373 719 fecerunt

202 762 378 843 Pingraeus
408 771 442 824 et
465 762 670 837 Ricouartus,
702 772 845 835 utantur,
878 781 938 823 nos
971 761 1131 838 dolemus,
1158 765 1248 844 quod
1277 764 1373 843 plena

204 868 463 930 Astronomicon
480 869 630 931 versione
647 869 753 930 adhuc
770 887 930 933 caremus.
955 868 1112 931 Fortasse
1134 880 1246 932 autem
1263 871 1374 934 Klein-

202 976 413 1058 guentherus,
444 977 499 1056 qui
532 974 641 1038 fausta
671 975 817 1038 Minerva
850 995 917 1051 non
949 975 1044 1038 nullis
1075 988 1196 1056 poetae
1228 978 1375 1057 partibus

201 1101 377 1164 germanos
408 1082 619 1147 hexametros
648 1082 826 1162 adaptavit,
852 1101 968 1144 omnes
996 1083 1096 1144 libros
1126 1084 1291 1163 praeclara
1317 1105 1376 1147 sua

202 1200 272 1251 arte
296 1189 387 1251 brevi
411 1188 570 1254 domabit.
1128 1172 1129 1176 Ἰ

268 1306 271 1316 '
292 1312 409 1393 Neque
426 1314 495 1376 sine
515 1313 622 1393 aliqua
639 1333 738 1376 causa
761 1314 1028 1393 antiquiores
1054 1315 1117 1375 dici
1134 1334 1233 1394 posse
1251 1315 1375 1393 priores

205 1420 286 1482 duas
310 1420 436 1482 fabulas
461 1440 568 1483 exeo
593 1419 801 1503 intellegitur,
827 1421 916 1500 quod
942 1422 983 1482 de
1007 1440 1122 1482 eorum
1146 1419 1294 1482 lontibus
1316 1441 1375 1482 ex-

204 1527 314 1606 posuit
332 1525 515 1589 Moellerus.
540 1524 647 1610 (Stud.
661 1525 769 1591 Manil,
787 1546 817 1605 p.
838 1543 890 1604 193
912 1524 1060 1588 Dielesii:
1082 1527 1221 1608 doxogr.
1237 1546 1268 1605 p.
1282 1524 1372 1611 629).

292 1650 359 1712 Iam
383 1670 461 1712 vero
490 1652 522 1712 in
551 1650 679 1712 traditis
708 1648 830 1711 Manilii
854 1650 963 1712 verbis
994 1660 1121 1712 mutata
1150 1671 1215 1713 una
1244 1650 1335 1714 litera
1359 1672 1377 1712 a

204 1759 302 1821 certis
326 1758 423 1821 rebus
443 1776 497 1819 me
521 1757 562 1818 ad
586 1759 728 1818 incertas
749 1776 962 1838 progressum
983 1777 1057 1819 esse
1080 1759 1204 1819 sentio:
1230 1768 1377 1820 attamen

206 1866 250 1926 ita
274 1873 383 1927 actum
410 1884 477 1926 non
497 1865 612 1925 iniuria
636 1864 828 1943 putaverIm,
851 1874 886 1925 ut
910 1863 971 1924 hae
992 1865 1035 1924 ab
1057 1863 1116 1925 illis
1138 1864 1223 1925 facili
1243 1866 1377 1948 negotio

207 1980 327 2052 queant
347 1971 514 2055 distingui.
539 1969 663 2051 Itaque,
683 1979 718 2032 ut
735 1971 780 2031 ait
794 1969 959 2050 Hauptius
976 1972 1089 2032 nescio
1106 1991 1173 2051 quo
1190 1971 1275 2047 loc0,
1293 1991 1378 2052 quae
1471 1986 1479 1999 ·

204 2080 328 2141 incerta
352 2079 420 2140 visa
443 2090 529 2154 sunt,
552 2078 583 2153 ii,
604 2096 745 2157 quorum
769 2079 872 2139 maior
896 2087 947 2139 est
971 2079 1122 2139 doctrina
1146 2087 1180 2140 et
1203 2081 1375 2159 sagacitas,

204 2194 261 2270 aut
284 2184 463 2247 refellendo
488 2184 612 2247 diluant
635 2193 692 2246 aut
716 2186 902 2264 approbent
926 2184 1162 2246 confirmando

294 2310 392 2381 Nunc
417 2311 573 2390 quoniam
597 2328 664 2371 non
693 2312 806 2388 paucis
831 2308 993 2389 exemplis
1018 2328 1070 2370 me
1098 2309 1378 2372 demonstravisse

206 2437 337 2488 censeo,
360 2428 484 2499 quanta
508 2419 539 2478 in
564 2415 699 2498 singulis
723 2417 889 2478 mutandis
913 2412 1134 2478 Housmani⁷⁰
1154 2415 1255 2477 libido
1279 2426 1378 2492 esset,

206 2543 274 2586 non
300 2524 465 2591 dissidens
488 2543 508 2584 a
532 2523 650 2584 ceteris
670 2523 756 2598 viris,
782 2524 835 2602 qui
853 2543 948 2585 suum
966 2524 1007 2584 de
1024 2522 1108 2584 illius
1125 2521 1206 2583 libro
1224 2522 1379 2584 iudicium

207 2627 319 2714 (Arch.
346 2629 366 2691 f.
393 2629 477 2692 Lex.
502 2629 575 2691 XIII
603 2625 678 2713 593)
707 2629 829 2708 publici
858 2630 934 2690 iuris
964 2628 1123 2705 fecerunt,
1148 2631 1180 2690 in
1209 2628 1273 2691 fine
1302 2639 1380 2691 vota

206 2756 267 2816 pro
288 2736 409 2799 Manilii
434 2737 659 2799 incolumitate
684 2755 874 2815 nuncupare
898 2736 1003 2811 liceat,
1026 2737 1054 2796 si
1078 2735 1129 2797 ille
1153 2736 1244 2816 quod
1267 2737 1379 2815 coepit

206 2862 342 2925 pergere
367 2845 558 2910 decreverit.
595 2845 709 2924 Atque
733 2844 761 2904 si
784 2844 817 2905 id
842 2843 994 2921 effecero,
1020 2853 1056 2906 ut
1080 2845 1112 2905 in
1137 2843 1275 2905 edendis
1299 2864 1379 2924 poe·

205 2960 312 3012 tarum
329 2949 523 3013 Latinorum
546 2951 745 3012 carminibus
763 2949 977 3012 Housmanus
994 2951 1122 3012 desinat
1139 2951 1279 3030 ineptire
1296 2971 1380 3013 neve

206 3054 334 3121 iuturus
350 3055 610 3121 Astronomicon
628 3059 735 3120 editor
752 3077 812 3137 pro
829 3056 1011 3119 Manilianis
1029 3056 1225 3119 lectionibus
1241 3059 1380 3120 retmeat

206 3161 397 3226 manifestas
421 3164 605 3226 Housmani
637 3166 877 3245 corruptiones,
903 3184 1040 3245 quarum
1065 3163 1154 3227 illum
1184 3175 1236 3227 sat
1260 3164 1379 3226 multas

207 3271 239 3335 in
263 3272 477 3333 annotatione
505 3272 617 3334 critica
645 3292 743 3351 prave
769 3281 802 3333 et
829 3273 946 3334 inscite
971 3270 1160 3334 defendisse
1188 3281 1221 3333 et
1245 3291 1379 3350 prorsus

206 3376 357 3441 inanibus
382 3397 448 3440 non
470 3397 543 3439 raro
562 3398 600 3439 ac
623 3377 771 3440 futilibus
790 3381 992 3459 argumentis
1009 3378 1142 3440 Manilio
1162 3377 1379 3440 vindicavisse

207 3483 437 3560 intelleximus,
463 3504 571 3565 neque
595 3504 731 3564 operam
756 3505 808 3546 me
834 3486 1016 3564 perdidisse
1041 3486 1173 3546 credam
1198 3504 1259 3546 nec
1284 3483 1380 3563 plane

207 3590 354 3653 inutilem
377 3603 435 3654 aut
458 3611 737 3672 supervacaneam
761 3591 862 3655 fuisse
887 3592 970 3653 hanc
994 3590 1318 3671 disputatiunculam.
1339 3631 1378 3640 —
