3166 5048
720 331 940 392 ..14..

335 529 477 592 Difficile
496 537 557 604 est,
579 542 664 609 quae
683 528 741 589 viri
761 528 851 589 docti
870 528 911 590 de
931 548 960 593 v.
973 542 1041 603 410
1064 527 1281 607 protulerunt,
1306 527 1416 589 omnia

241 636 400 718 persequi
425 644 457 696 et
482 653 549 696 non
571 635 792 696 necessarium
817 653 878 696 nec
899 634 1016 696 dubito
1039 635 1117 714 quin
1133 633 1214 695 falsa
1230 636 1305 710 sint,
1331 654 1416 715 quae

242 744 459 805 coniecerunt
489 741 656 804 Bentleius
687 738 847 824 (Emerita
877 749 910 803 et
941 742 1067 823 magnis
1096 741 1230 802 tandem
1260 742 1416 804 defuncta

243 846 405 930 periclis),
438 846 569 910 Ellisius
600 844 717 932 (apta),
750 847 962 909 Housmanus
999 845 1082 931 (aut:
1115 857 1191 909 ante
1223 848 1350 928 periclis
1373 883 1417 892 —-

242 966 315 1018 aut:
341 964 415 1018 acta
442 950 599 1038 lacertis),
624 949 962 1037 Kleinguentherus³¹
986 952 1149 1033 (Emeruit
1174 956 1299 1038 magnis
1324 973 1416 1016 mun-

246 1061 327 1123 dum
362 1056 524 1141 temptata
557 1057 709 1144 periclis).
763 1061 880 1141 Neque
911 1061 999 1123 enim
1033 1063 1180 1123 omnium
1212 1063 1417 1124 coniecturas

242 1168 376 1230 traditis
409 1169 518 1231 verbis
548 1167 721 1230 dissimiles
752 1187 825 1229 esse
855 1170 1002 1249 negabis.
1052 1167 1163 1249 Atque
1194 1168 1285 1249 quod
1317 1178 1418 1248 poeta

244 1275 396 1354 scripsit:
433 1275 626 1336 «emeritum
651 1273 810 1337 mundum
835 1283 977 1335 tenet»
1006 1272 1122 1336 lortius
1147 1294 1220 1336 esse
1243 1284 1343 1355 atque
1366 1273 1417 1336 hic

243 1382 354 1461 aptius
390 1399 489 1461 quarn
513 1382 662 1455 emeruit,
688 1381 778 1462 quod
803 1380 870 1442 vult
894 1380 1203 1462 Kleinguentherus,
1228 1399 1327 1442 nemo
1351 1400 1418 1442 non

246 1488 421 1553 concedet.

767 1664 896 1746 1786.
924 1628 928 1639 ἦ

336 1824 380 1886 Et
404 1824 516 1904 Pyrrhi
539 1845 598 1906 per
621 1825 706 1888 bella
729 1826 875 1906 Papirius
899 1825 994 1889 ultor.

336 1966 387 2028 De
415 1966 478 2029 hoc
506 1965 580 2029 loco
609 1968 659 2030 bis
685 1967 828 2049 loquitur
849 1967 1060 2031 doctissimus
1089 1966 1140 2029 ille
1166 1968 1372 2029 existimator
1381 1964 1418 2044 ⁸²,

245 2092 392 2153 quocum
421 2075 635 2156 pugnandum
666 2075 794 2136 videtur
822 2094 910 2153 esse,
939 2093 981 2136 ne
1010 2075 1144 2136 ineunte
1172 2093 1259 2136 novo
1288 2074 1420 2136 saeculo

248 2180 484 2241 Astronomica
497 2200 631 2260 prorsus
644 2191 905 2262 corrumpantur,
917 2183 993 2243 etin
1006 2182 1210 2262 praefatione
1222 2178 1268 2265 (in
1282 2201 1354 2264 pag.
1365 2178 1420 2263 73)

245 2295 282 2348 et
306 2287 339 2348 in
362 2287 433 2366 ipsa
457 2288 609 2350 carminis
626 2288 771 2351 editione
795 2290 836 2351 ad
860 2309 889 2355 v.
908 2290 983 2367 787.
1014 2287 1126 2368 Atque
1144 2287 1300 2370 gloriatur
1316 2307 1420 2369 paene

245 2393 316 2456 suis
333 2393 485 2460 inventis.
510 2392 639 2476 Nempe
655 2406 732 2457 ante
750 2395 839 2458 illum
858 2397 956 2457 iacuit
974 2395 1067 2476 quasi
1083 2395 1228 2457 tenebris
1244 2394 1420 2456 obvolutus

246 2498 409 2561 Manilius.
443 2499 508 2580 Ipsi
526 2502 660 2564 tandem
679 2504 834 2564 vicesimo
859 2512 936 2582 post
957 2487 1123 2565 Christum
1143 2510 1257 2563 natum
1278 2499 1419 2576 saeculo,

249 2615 285 2668 ut
300 2605 402 2685 ipsius
418 2606 697 2688 magniloquentia
713 2620 794 2685 utar,
811 2609 957 2690 contigit,
971 2610 1019 2670 uti
1031 2607 1200 2687 Pyrrhum,
1211 2606 1420 2687 Epirotarum

249 2730 371 2793 regem,
397 2731 464 2774 non
489 2735 507 2775 a
527 2714 656 2794 Papirio
680 2716 803 2777 victum
828 2735 901 2777 esse
926 2716 1213 2779 animadverteret.
1246 2712 1289 2775 Et
1309 2732 1421 2794 quam-

249 2837 351 2898 quam
374 2818 461 2881 hunc
485 2841 617 2884 versum
641 2825 705 2884 iam
729 2823 805 2884 alibi
830 2822 944 2885 leviter
963 2823 1057 2904 tetigi
1074 2821 1250 2895 debellat0,
1275 2829 1311 2883 ut
1327 2828 1421 2900 putat

250 2923 424 3002 Breiterus,
447 2930 683 3008 superbissimo
707 2929 905 3007 adversario,
922 2939 1033 2991 tamen
1053 2930 1171 2990 iterum
1195 2928 1237 2990 de
1257 2947 1298 2988 eo
1322 2936 1421 3007 atque

248 3031 397 3110 pluribus
421 3053 506 3113 opus
531 3045 582 3097 est
606 3035 752 3119 defungi,
778 3036 935 3117 quoniam
954 3055 1064 3096 veram
1084 3055 1158 3098 esse
1178 3054 1270 3097 suam
1291 3035 1422 3095 coniec-

251 3145 358 3200 turam
383 3159 487 3218 paene
513 3143 716 3220 persuasisse
740 3141 904 3204 nonnullis
928 3142 1057 3205 videtur
1080 3141 1303 3204 Housmanus.
1340 3137 1420 3218 Qui:

251 3242 303 3305 De
320 3244 459 3324 Papirio,
485 3248 601 3328 inquit,
626 3248 740 3328 Pyrrhi
762 3249 878 3325 ultore,
905 3249 961 3329 qui
976 3247 1098 3310 Manilii
1115 3247 1296 3311 editoribus
1320 3246 1423 3307 notis-

249 3351 353 3413 simus
385 3353 427 3413 sit
458 3363 607 3432 oportet,
638 3373 700 3436 ego
725 3355 812 3435 apud
837 3375 944 3418 rerum
970 3357 1147 3435 scriptores
1172 3353 1249 3415 nihil
1274 3353 1421 3415 invenio:

250 3455 350 3520 Certe
375 3456 556 3522 Claudiano
581 3462 713 3544 ignotus
738 3472 821 3537 erat,
847 3482 922 3524 cum
945 3461 1026 3523 haec
1050 3463 1209 3523 scriberet
1233 3458 1321 3544 (bell.
1343 3457 1422 3520 Poll.

250 3584 278 3628 s.
297 3562 431 3627 Gothici
459 3565 661 3651 128-132):

358 3707 434 3769 Plus
458 3707 534 3790 fuga
559 3709 708 3773 laudatur
732 3710 844 3790 Pyrrhi
869 3730 968 3792 quarn
992 3709 1097 3771 vincla
1120 3708 1314 3790 Jugurthae;

360 3812 403 3875 Et
428 3818 578 3895 quamvis
602 3818 732 3900 gemina
755 3817 880 3880 fessum
902 3819 965 3878 iam
989 3815 1083 3878 clade
1107 3816 1240 3897 fugavit,

362 3920 441 3983 Post
462 3921 556 3984 Decii
580 3923 677 3986 lituos
702 3934 735 3986 et
759 3924 837 3986 nulli
855 3925 966 4005 pervia
989 3922 1105 4003 culpae

364 4027 503 4091 Pectora
523 4029 673 4106 Fabricii,
694 4032 789 4093 donis
814 4032 935 4093 invicta
953 4029 1004 4091 vel
1028 4031 1125 4091 armis

364 4134 465 4197 Plena
488 4137 584 4199 datur
609 4134 708 4202 Curio
737 4137 849 4217 pulsi
880 4139 1016 4200 victoria
1043 4135 1196 4215 Pyrrhi.
