3166 5048
689 400 885 466 „7-

291 616 334 679 Et
363 617 450 680 hunc
481 619 559 680 mihi
589 620 648 681 das
673 620 818 682 animum
845 629 878 681 et
902 621 987 682 vires
1011 615 1137 696 facis¹³,
1162 629 1213 695 tu,
1241 616 1371 694 Caesar,

201 725 245 787 ad
260 733 352 786 tanta
367 724 526 788 canenda.
551 725 685 788 Minime
709 745 772 808 ego
797 726 953 806 equidem
976 727 1084 788 dicam
1112 724 1231 788 ‹iacis›
1259 745 1372 805 super·

202 850 381 893 vacaneum
420 851 512 894 esse:
552 834 654 896 immo
687 852 755 895 non
788 842 877 895 caret
911 852 973 895 suo
1008 843 1178 914 tamquam
1211 833 1373 898 acumine.

202 935 353 1020 Namque
372 939 443 1019 ipse
462 939 659 1021 astrologiae
678 940 796 1002 studiis
816 931 947 1002 deditus
958 937 986 975 ¹⁴
1004 943 1129 1020 primus
1147 940 1374 1002 Romanorum

203 1044 394 1124 imperator,
425 1045 516 1108 illum
546 1057 665 1126 poetae
697 1047 835 1109 dederat
857 1047 1017 1122 animum,
1051 1048 1098 1109 uti
1122 1066 1160 1108 ea
1185 1067 1304 1110 canere
1328 1047 1376 1108 in-

203 1153 336 1231 ciperet,
361 1170 446 1232 quae
470 1153 519 1214 his
543 1154 769 1233 pronuntiavit
792 1153 922 1215 verbis:

332 1273 483 1338 Carmine
508 1275 633 1338 divinas
658 1285 745 1338 artes
769 1287 803 1338 et
827 1277 961 1338 conscia
985 1275 1044 1338 fati

246 1435 248 1439 ,
330 1380 446 1444 Sidera
469 1382 618 1446 diversos
642 1383 813 1446 hominum
837 1384 995 1445 variantia
1018 1403 1114 1445 casus

332 1486 491 1551 Caelestis
515 1490 651 1552 rationis
675 1510 770 1570 opus,
795 1490 960 1553 deducere
980 1489 1108 1552 ‘mundo
1185 1549 1187 1552 ,

330 1593 515 1676 Aggredior
539 1597 730 1677 primusque
754 1598 848 1659 novis
874 1596 1034 1659 Helicona
1059 1616 1193 1659 movere

247 1711 255 1769 ἕ
332 1700 490 1766 Cantibus
515 1714 548 1766 et
571 1704 665 1767 viridi
689 1714 858 1766 mutantes
883 1705 1006 1766 vertice
1030 1703 1140 1771 silvas.

332 1808 475 1889 Hospita
498 1830 590 1872 sacra
613 1808 723 1872 ferens
746 1809 824 1872 nulli
848 1819 1031 1872 memorata
1055 1812 1213 1889 priorum.

203 1933 374 1996 Praeterea
404 1943 530 2012 autem,
561 1956 637 1998 cum
663 1933 755 1998 bellis
784 1933 945 1997 coniectis
971 1935 1074 1997 Musis
1106 1934 1233 2010 denuo,
1265 1944 1301 1996 ut
1331 1935 1375 1996 ita

203 2040 310 2103 dicam
344 2043 565 2104 concessisset
599 2042 708 2104 locum
740 2076 781 2086 —
814 2051 931 2121 poetas
964 2042 1115 2104 nimirum
1150 2043 1239 2103 omni
1274 2042 1375 2104 modo

204 2167 278 2210 eum
303 2149 467 2210 adiuvisse
490 2150 563 2228 quis
583 2149 718 2211 tandem
738 2157 799 2224 est,
823 2149 880 2230 qui
900 2149 1041 2210 nesciat!
1060 2184 1103 2192 -
1119 2159 1220 2228 atque
1236 2158 1375 2223 veteres,

204 2265 240 2316 ut
262 2256 307 2316 ait
331 2256 487 2317 Horatius
512 2252 553 2339 (c.
572 2255 618 2317 IV
634 2256 685 2338 15)
709 2266 797 2318 artes
822 2276 903 2336 pace
928 2256 1055 2318 civibus
1080 2255 1218 2330 reddita,
1243 2273 1377 2317 revoca-

204 2362 314 2437 visset,
334 2363 461 2442 optime
477 2361 589 2424 laudat
602 2362 752 2425 Manilius
770 2373 898 2442 patrem
908 2364 1033 2443 patriae
1044 2358 1079 2437 ¹⁵,
1099 2362 1251 2424 carminis
1265 2371 1377 2441 patro-

204 2486 296 2543 num,
321 2468 435 2530 dicens
460 2468 523 2530 hoc
548 2467 617 2530 lere
641 2469 762 2531 modo:
788 2469 872 2532 vires
896 2457 1031 2550 qu'oque
1055 2467 1147 2544 faciS,
1172 2478 1219 2544 tu,
1245 2465 1376 2544 Caesar,

203 2574 245 2635 ad
269 2575 441 2656 hocopus
465 2585 498 2637 et
519 2576 764 2657 suscipiendum
787 2587 820 2639 et
840 2577 1093 2651 conficiendum,
1119 2575 1210 2655 quod
1229 2585 1307 2637 ante
1323 2594 1376 2637 me

203 2700 302 2744 nemo
326 2691 378 2743 est
400 2702 511 2758 ausus,
537 2701 680 2762 namque
704 2684 808 2764 surgit
829 2704 914 2764 opus
925 2681 961 2758 ¹⁶,
986 2702 1054 2746 non
1070 2682 1142 2746 ullis
1168 2692 1244 2744 ante
1271 2702 1377 2745 sacra-

203 2798 273 2850 tum
297 2789 508 2852 carminibus.

292 2911 380 2974 Ecce
404 2922 438 2975 et
462 2923 651 2975 auctorest
675 2915 784 2993 operis
809 2922 843 2975 et
866 2913 976 2976 fautor
1000 2913 1182 2976 secundum
1200 2912 1374 2976 blanditias

203 3028 237 3079 et
260 3019 504 3081 assentationes
527 3029 648 3099 poetae
663 3019 846 3101 Augustus,
873 3021 963 3101 pacis
987 3020 1166 3101 salutisque
1189 3021 1375 3082 restitutor!

203 3122 373 3187 Consimili
394 3127 521 3189 ratione
538 3125 694 3189 Ovidium
716 3146 851 3207 quoque
871 3127 1019 3189 locutum
1039 3147 1113 3190 esse
1132 3128 1255 3189 scimus
1277 3127 1375 3202 (trist.

204 3230 230 3292 II
246 3231 320 3315 561)
334 3252 339 3293 2

344 3319 506 3402 Aspicies,
532 3332 693 3402 quantum
716 3323 848 3386 dederis
874 3323 953 3385 mihi
977 3324 1121 3403 pectoris
1146 3325 1233 3403 ipsel

204 3444 359 3508 Ovidium
389 3446 479 3523 dico,
511 3446 567 3526 qui
592 3448 667 3511 last.
693 3446 801 3526 11709
825 3467 942 3527 pacem
969 3446 1120 3510 laudibus
1144 3446 1262 3509 extulit
1285 3446 1376 3509 hisce

204 3552 353 3615 versibus
363 3549 407 3613 ¹⁷:

263 3681 267 3689 ·
333 3657 443 3738 Ipsum
467 3679 529 3722 nos
554 3679 686 3722 carmen
710 3661 850 3723 deduxit
874 3660 967 3722 Pacis
991 3660 1033 3722 ad
1057 3680 1157 3726 aram.

330 3765 421 3828 Haec
446 3768 507 3828 erit
529 3787 548 3827 a
572 3768 695 3830 mensis
740 3768 805 3829 fine
830 3766 976 3830 secunda
1000 3766 1085 3831 dies.

332 3871 359 3933 F
362 3872 519 3934 rondibus
543 3871 688 3935 Actiacis
747 3884 899 3954 comptos
924 3874 1074 3936 redimita
1097 3873 1233 3953 capillos

333 3977 401 4040 Pax
425 3979 514 4054 ades,
539 3989 572 4040 et
595 3990 669 4042 toto
693 3981 781 4042 mitis
805 3981 837 4042 in
862 3982 942 4043 orbe
966 4000 1075 4042 mane.

204 4101 298 4182 Quae
322 4104 445 4179 omnia,
471 4122 546 4165 cum
569 4103 640 4165 luce
665 4105 730 4166 sint
754 4104 904 4180 clariora,
929 4115 1055 4167 ceteras
1080 4105 1122 4166 de
1148 4125 1177 4168 v.
1195 4103 1284 4166 Astr.
1307 4104 1377 4166 110

203 4211 425 4287 coniecturas,
450 4230 532 4290 quas
555 4231 606 4272 vv.
624 4211 679 4273 dd.
697 4210 919 4291 protulerunt,
946 4221 1123 4273 retractare
1147 4211 1241 4273 nolo:
1274 4212 1376 4274 adeas
