3166 5048
682 411 900 472 ,30-

203 611 362 686 tissimus,
395 610 493 671 deum
527 618 747 688 contemptor,
780 611 871 689 pacis
902 610 1087 688 impatiens,
1122 609 1377 688 crudelissimus,

205 716 355 780 Herculis
386 715 533 778 aemulus
562 714 753 794 appellatur.
801 713 898 778 Silius
932 717 1066 795 quidem
1091 715 1220 778 Italicus
1230 713 1258 752 ⁶⁶
1281 713 1307 800 (Ι
1328 729 1341 796 5
1350 729 1377 796 5,

204 823 247 891 cl.
266 822 504 894 Drakenborch
533 834 626 900 1777,
653 822 749 888 indic.
774 843 799 885 s.
823 844 851 883 v.
875 819 1081 906 Hannibalis)
1106 822 1276 885 Livianam
1300 825 1378 885 ima-

203 931 325 1012 ginem,
359 950 456 1010 quam
488 928 664 990 manifeste
697 940 774 990 ante
809 929 924 991 oculos
956 930 1079 1004 habuit,
1112 932 1179 993 suis
1211 930 1377 994 coloribus

206 1038 337 1100 refinxit
372 1036 493 1098 additis
525 1038 624 1098 etiarn
655 1037 710 1111 iis,
750 1057 834 1117 quae
865 1036 1046 1116 pleniorem
1077 1047 1110 1098 et
1141 1037 1378 1101 absolutiorem

203 1144 392 1206 redderent.
451 1143 564 1224 Atque
599 1145 730 1224 egregie
766 1162 909 1218 summa,
952 1164 1016 1224 qua
1053 1143 1216 1206 Hannibal
1252 1146 1377 1227 flagrat,

204 1252 370 1330 cupiditas
394 1251 552 1313 Romanis
584 1249 705 1312 bellum
729 1250 899 1325 inferendi,
932 1251 1154 1338 adumbratur,
1180 1252 1377 1332 quibuscum
1445 1297 1447 1302 ·

206 1359 270 1419 iam
294 1359 327 1419 in
353 1359 478 1419 somnis
502 1358 600 1418 armis
625 1357 808 1422 contendit.
851 1357 960 1437 Ipsam
984 1358 1075 1418 initio
1093 1359 1245 1420 carminis
1269 1359 1378 1422 herois

205 1466 384 1545 imaginem
415 1484 433 1524 a
465 1474 567 1542 poeta
601 1465 762 1525 intextam
797 1463 1024 1544 lectorumque
1058 1466 1161 1527 oculis
1194 1466 1378 1527 subiectam

203 1571 334 1634 audias:

367 1693 501 1776 Ingenio
526 1705 636 1757 motus
661 1696 775 1758 avidus
799 1696 942 1776 fideique
966 1696 1096 1758 sinister

312 1801 342 1863 Is
367 1800 444 1863 fuit:
471 1822 674 1881 exsuperans
698 1813 788 1878 astu;
821 1803 880 1865 sed
911 1804 1026 1865 devius
1057 1805 1161 1883 aequi.

312 1909 451 1971 Armato
477 1907 583 1970 nullus
608 1909 719 1971 divum
743 1910 866 1989 pudor;
892 1910 1042 1989 improba
1065 1912 1166 1972 virtus

312 2014 356 2076 Et
381 2016 471 2095 pacis
496 2014 673 2094 despectus
699 2017 815 2091 honos,
841 2019 1039 2096 penitusque
1063 2017 1213 2079 medullis

315 2122 490 2204 Sanguinis
514 2122 647 2182 humani
671 2122 785 2205 flagrat
810 2124 897 2198 sitis;
922 2123 970 2185 his
995 2143 1103 2203 super,
1129 2125 1199 2184 aevi

313 2229 411 2290 Flore
436 2229 554 2303 virens,
580 2239 655 2291 avet
678 2228 823 2311 Aegates
848 2230 989 2304 abolere,
1016 2241 1188 2310 parentum

314 2335 470 2397 Dedecus
495 2357 532 2398 ac
556 2333 667 2398 Siculo
691 2335 883 2414 demergere
907 2337 1041 2398 foedera
1065 2347 1179 2416 pont0.

314 2443 380 2504 Dat
404 2453 550 2504 mentem
574 2443 658 2524 Juno
683 2461 721 2503 ac
745 2441 876 2504 laudum
903 2462 962 2521 spe
986 2444 1087 2505 corda
1111 2444 1234 2526 fatigat.

315 2549 449 2629 lamque
474 2561 530 2611 aut
554 2560 718 2612 nocturno
742 2559 893 2629 penetrat
918 2547 1079 2628 Capitolia
1103 2552 1182 2625 visu,

314 2656 384 2718 Aut
407 2656 528 2735 rapidis
553 2656 656 2718 fertur
680 2676 738 2735 per
762 2676 906 2718 summas
931 2658 1081 2735 passibus
1105 2654 1216 2736 Alpes.

314 2763 423 2842 Saepe
448 2765 546 2825 etiam
571 2762 683 2825 famuli
707 2767 840 2825 turbato
863 2762 905 2824 ad
929 2762 1039 2824 limina
1062 2781 1179 2825 somno

314 2869 490 2950 Expavere
513 2880 641 2932 trucem
666 2891 723 2950 per
747 2880 839 2931 vasta
862 2869 989 2930 silentia
1013 2889 1139 2944 vocem,

315 2977 366 3039 Ac
390 2977 480 3060 largo
505 2978 625 3039 sudore
651 2979 755 3038 virum
781 2977 935 3037 invenere
959 2974 1083 3037 futuras

313 3083 510 3146 Miscentem
535 3102 662 3164 pugnas
686 3093 720 3145 et
744 3084 851 3144 inania
875 3081 959 3143 bella
984 3093 1162 3163 gerentem.

368 3191 464 3253 Hanc
489 3193 613 3252 rabiem
637 3191 668 3251 in
692 3189 774 3251 fines
800 3189 913 3251 Italum
938 3189 1156 3269 Saturniaque
1180 3209 1257 3250 arva

314 3297 499 3359 Addiderat
523 3298 690 3378 quondam
716 3316 818 3375 puero
843 3297 967 3376 patrius
992 3295 1082 3357 furor
1096 3347 1210 3362 ......

373 3404 498 3466 Nobilis
522 3405 585 3465 hoc
610 3414 683 3465 ortu
708 3415 740 3465 et
766 3404 883 3465 dextra
907 3414 1076 3483 spectatus
1101 3402 1266 3464 Hamilcar

314 3511 358 3574 Ut
383 3511 442 3573 lari
466 3513 670 3591 primamque
695 3511 808 3572 datum
833 3511 1033 3593 distinguere
1058 3509 1166 3593 lingua

315 3619 491 3680 Hannibali
515 3638 630 3680 vocem
656 3617 770 3679 sollers
795 3619 917 3680 nutrire
941 3618 1067 3679 furores

315 3726 501 3787 Romanum
526 3727 610 3786 sevit
634 3724 748 3804 puerili
773 3727 804 3785 in
828 3735 964 3804 pectore
988 3724 1118 3788 bellum.

296 3900 446 3963 Eandem
472 3912 528 3964 aut
546 3901 684 3963 similem
701 3901 870 3963 clarissimi
886 3901 1073 3962 Poenorum
1095 3902 1187 3964 ducis
1204 3903 1377 3983 imaginem

205 4009 295 4089 apud
326 4009 406 4071 alios
437 4020 553 4088 poetas
585 4007 741 4071 invenias.
789 4007 892 4070 Ferus
923 4011 1010 4069 enim
1042 4018 1093 4070 est
1118 4007 1298 4071 Claudiano
1322 4005 1377 4091 (cf.

207 4116 300 4178 Birtii
322 4114 487 4197 indicem).
518 4115 668 4178 Alaricus
692 4127 803 4176 autern
827 4126 877 4176 est
902 4115 983 4176 alter
1007 4116 1075 4175 sive
1093 4134 1197 4177 novus
1215 4115 1379 4176 Hannibal

206 4223 344 4302 antiquo
368 4223 505 4283 saevior.
534 4260 575 4271 -
677 4208 680 4213 ‘
