3166 5048
731 437 950 482 ..12-

345 634 639 696 Incertissimomm
672 643 935 696 commentorum
965 633 1207 695 multitudinem
1239 643 1337 714 auget
1368 653 1426 695 sua

254 743 446 804 coniectura
462 740 593 802 Ellisius
617 741 893 807 (coniunctim
917 738 1132 821 proponens).
1157 742 1249 801 cuius
1270 740 1425 818 exemplo

254 867 437 922 monemur,
463 867 504 908 ne
528 867 611 909 vana
635 848 829 927 opinionum
858 857 1047 908 commenta
1071 846 1194 908 creduli
1218 847 1424 908 admiremur.

253 955 376 1017 Nescio
400 974 480 1015 num
504 955 640 1015 omnino
672 953 789 1016 alicubi
822 954 1006 1015 inveniatur
1030 953 1119 1033 apud
1142 963 1259 1033 poetas
1283 952 1346 1015 hoc
1370 954 1427 1013 ad-

255 1063 414 1125 verbium.
468 1061 584 1141 Neque
620 1063 774 1143 ignorans
810 1062 1014 1122 coniunctim
1046 1059 1153 1141 legare
1186 1060 1308 1140 aliquid
1339 1059 1427 1138 apud

253 1170 332 1232 iuris
356 1167 526 1230 consultos
558 1187 631 1230 esse
663 1188 732 1229 rem
763 1166 904 1247 aliquam
935 1167 1030 1228 simul
1055 1166 1161 1248 legare
1194 1166 1351 1246 pluribus,
1383 1167 1428 1227 ita

256 1285 292 1338 ut
318 1276 387 1337 eius
412 1274 531 1356 singuli
554 1286 681 1354 partem
706 1275 868 1353 accipiant
893 1273 1066 1352 (Pompon.
1085 1272 1158 1354 Dig.
1178 1289 1229 1350 30,
1259 1273 1313 1348 163
1339 1272 1426 1334 Paul.

255 1383 334 1448 ibid.
353 1397 393 1458 33
412 1384 500 1456 etc),
525 1393 636 1442 tamen
653 1379 846 1460 plerumque
871 1379 932 1440 alia
956 1381 1081 1441 ratione
1105 1379 1294 1442 adhibetur:
1320 1380 1427 1441 omnis

255 1489 425 1569 pecuniae¹
441 1488 643 1549 coniunctim
674 1487 720 1562 (id
744 1498 810 1549 est:
837 1505 901 1548 una
924 1507 943 1547 a
967 1487 1085 1548 marito
1109 1500 1209 1567 atque
1233 1507 1252 1547 a
1275 1489 1428 1569 coniuge)

256 1596 340 1656 ratio
364 1594 504 1656 habetur
533 1591 642 1675 (Caes,
660 1594 691 1659 b.
710 1593 750 1656 G.
769 1593 815 1655 Vl
844 1590 912 1676 19);
938 1592 1008 1659 Liv.
1033 1593 1064 1668 6,
1089 1609 1141 1670 40,
1167 1610 1189 1672 9
1212 1592 1428 1674 (coniunctim

254 1721 374 1764 omnes
396 1702 584 1783 rogationes
607 1699 788 1784 accipere);
814 1713 948 1763 senatus
969 1719 1059 1762 cons.
1078 1701 1165 1781 apud
1182 1699 1269 1767 Cael.
1287 1701 1339 1763 ad.
1359 1699 1424 1763 Cic.

257 1807 333 1868 fam.
353 1810 381 1882 8,
400 1814 465 1886 8‚5
499 1806 715 1888 (coniunctim
739 1808 781 1869 de
805 1808 914 1887 aliqua
945 1828 979 1868 re
1010 1827 1028 1867 a
1060 1808 1250 1870 consulibus
1280 1807 1429 1888 refertur)

254 1913 340 1994 Nep.
357 1913 426 1976 Att.
450 1929 488 1975 10
505 1924 586 1987 etc.;
611 1911 679 1980 Cic.
698 1916 819 1980 invent,
843 1930 868 1988 Ι,
887 1928 905 1992 7
923 1911 1019 1997 (var.:
1046 1911 1278 1997 coniuncte).2⁹
1316 1914 1429 1995 Itaque

256 2022 289 2082 in
314 2041 491 2083 commune
517 2022 643 2085 bonum
660 2021 779 2103 singuli
803 2024 834 2094 (i.
853 2043 881 2087 e.
900 2022 1075 2100 separatim
1092 2041 1199 2102 neque
1215 2022 1428 2096 coniunctim)

257 2127 332 2191 laeti
356 2129 520 2190 dederunt
544 2128 587 2207 id,
614 2129 703 2208 quod
726 2131 906 2190 commenti
931 2139 1033 2193 erant.

346 2252 412 2313 Iam
438 2253 528 2332 quod
553 2274 582 2317 v.
608 2252 621 2313 l
647 2254 688 2330 89
705 2254 836 2314 'iterum
867 2253 1139 2315 comminiscendi
1164 2254 1298 2314 verbum
1326 2249 1428 2332 (com-

257 2364 384 2437 menta)
407 2361 553 2440 positum
577 2371 638 2436 est,
671 2361 820 2422 mutandi
845 2380 977 2422 causam
1009 2380 1075 2421 non
1101 2379 1174 2421 esse
1198 2360 1362 2434 idoneam,
1387 2378 1430 2418 ex

256 2467 306 2542 iis,
332 2486 416 2547 quae
440 2467 482 2528 de
506 2469 630 2528 iteratis
655 2467 822 2529 vocabulis
832 2463 860 2502 ³⁰
884 2466 1067 2546 explanavi,
1092 2466 1298 2547 intellegitur.
1323 2501 1367 2509 -

749 2751 858 2831 1384
884 2768 940 2832 sq.

738 2911 812 2974 Uno
837 2913 1010 2973 vincuntur
1034 2912 1066 2972 in
1090 2920 1179 2972 astro

420 3033 583 3117 August0‚
609 3036 699 3097 sidus
724 3046 839 3097 nostro
864 3036 973 3115 quod
997 3036 1135 3116 contigit
1159 3036 1245 3096 orbi:
1302 3053 1308 3066 ·

348 3176 533 3238 Bentleium
564 3178 698 3240 secutus
730 3177 943 3241 Housmanus
977 3181 1009 3240 in
1040 3188 1181 3253 textum,
1215 3178 1270 3256 qui
1304 3176 1430 3249 dicitur,

259 3282 377 3361 recipit
394 3284 463 3362 qui
480 3303 540 3362 pro
558 3284 678 3363 quod.
711 3285 784 3346 Hoc
802 3303 986 3364 pronomen
1001 3286 1154 3347 omnibus
1172 3284 1260 3345 libris
1276 3283 1432 3344 traditum

257 3388 458 3450 servandum
489 3409 561 3451 esse
591 3392 777 3469 arbitratus
810 3392 899 3471 quod
924 3392 1051 3454 Prinzio
1075 3393 1169 3452 -si
1199 3390 1332 3471 quidem
1362 3391 1432 3450 eius

260 3496 359 3556 verba
383 3515 414 3575 p.
441 3511 502 3570 124
530 3506 619 3558 recte
648 3499 881 3578 interpretatus
909 3518 981 3560 sum
1005 3500 1164 3559 —socio
1187 3507 1272 3565 utor.
1298 3515 1433 3578 magno-

259 3622 338 3682 pere
356 3602 496 3682 gaudeo.
526 3604 663 3666 Astrum
680 3604 869 3686 Augustum
886 3607 975 3666 enim
991 3604 1145 3688 intellego
1162 3624 1279 3666 vocem
1291 3603 1433 3684 Augusti

258 3709 460 3770 adiectivum
476 3728 551 3771 esse
568 3712 812 3791 interpretatus
837 3730 904 3773 non
926 3713 1178 3776 substantivum.
1212 3710 1291 3772 Post
1307 3719 1434 3771 astrum

258 3826 372 3877 autem
408 3835 487 3876 cave
522 3836 626 3895 ponas
662 3838 809 3894 comma,
849 3819 939 3898 quod
976 3829 1120 3880 vocatur.
1166 3815 1366 3897 Saepissime
1402 3816 1433 3877 in

261 3923 433 3984 enuntiato
468 3922 603 3985 relativo
637 3926 881 3987 substantivum
917 3925 1118 3987 antecedens
1152 3926 1302 3987 iteratur:
1344 3923 1434 4003 quod

260 4038 385 4090 astrum
416 4031 564 4112 contigit.
615 4030 715 4110 Quod
745 4052 823 4094 vero
849 4044 948 4112 poeta
972 4052 1039 4093 non
1063 4032 1142 4094 astri
1166 4030 1362 4093 vocabulum
1386 4049 1435 4090 re-

261 4136 389 4216 petivit,
411 4137 470 4198 sed
489 4137 575 4198 aliud
598 4137 756 4212 adhibuit,
777 4140 809 4199 in
830 4158 895 4218 quo
915 4139 1034 4200 eadem
1054 4139 1102 4200 vis
1122 4148 1173 4200 est
1189 4135 1318 4221 (sidus),
1339 4138 1434 4198 metri

261 4243 461 4304 necessitate
486 4255 621 4306 coactus
645 4245 784 4324 scripsit.
