3166 5048
675 363 895 426 „17-

292 567 409 630 Victor
432 567 537 646 primo
562 562 687 644 proelio
709 562 860 642 Pyrrhus,
885 571 957 623 tota
980 572 1144 625 tremente
1169 563 1259 627 Italia
1278 563 1375 628 Cam-

204 677 343 757 paniam,
366 673 478 749 Lirim,
503 669 734 752 Fregellasque
765 668 942 750 populatus
967 689 1072 748 prope
1103 682 1234 750 captam
1258 674 1374 735 urbem

204 803 223 844 a
251 782 458 843 Praenestina
489 798 563 840 arce
595 776 786 857 prospexit:
821 787 854 837 et
886 796 905 836 a
935 777 1093 838 vicesimo
1123 776 1230 857 lapide
1260 779 1375 842 oculos

205 889 348 969 trepidae
380 887 520 949 civitatis
551 884 642 946 fumo
671 903 709 945 ac
738 883 872 963 pulvere
900 883 1056 962 implevit.
1104 883 1233 947 Eodem
1258 897 1377 965 postea

204 998 251 1058 his
273 1005 376 1057 exuto
401 994 527 1066 castris,
551 992 601 1053 bis
625 992 737 1052 saucio
762 1001 795 1052 et
818 992 850 1051 in
868 989 1041 1052 Graeciam
1066 1011 1158 1053 suam
1179 1003 1268 1054 trans
1285 1013 1375 1055 mare

201 1122 239 1164 ac
263 1112 367 1164 terras
391 1099 518 1180 fugam,
542 1117 622 1177 pax
646 1106 685 1158 et
713 1097 848 1176 quies;
874 1107 906 1158 et
932 1107 1024 1159 tanta
1048 1098 1090 1159 de
1118 1098 1377 1177 opulentissimis

201 1219 253 1272 tot
289 1207 443 1286 gentibus
478 1204 596 1283 spolia,
632 1217 668 1266 ut
707 1205 930 1264 victoriam
974 1223 1087 1265 suam
1128 1204 1254 1267 Roma
1293 1226 1377 1269 non

204 1323 387 1393 caperet.
431 1311 500 1373 Nec
533 1312 620 1372 enim
648 1321 773 1372 temere
802 1309 886 1372 ullus
918 1310 1136 1391 pulchrior
1167 1312 1205 1373 in
1235 1315 1378 1375 urbem

205 1430 275 1483 aut
302 1419 544 1498 speciosior
568 1416 807 1495 triumphus
836 1419 1022 1484 intravit.
1062 1417 1152 1480 Ante
1177 1418 1264 1481 hunc
1288 1423 1376 1482 diem

207 1527 281 1589 nihil
305 1527 368 1588 nisi
392 1500 737 1604 pecora'Volscorum,
763 1543 879 1605 greges
897 1523 1103 1600 Sabinorum,
1130 1538 1285 1606 carpenta
1302 1526 1379 1589 Gal-

203 1633 322 1708 lorum,
360 1630 464 1693 fracta
499 1629 695 1693 Samnitium
734 1650 823 1692 arma
858 1631 1011 1692 vidisses:
1058 1641 1128 1694 turn
1166 1634 1193 1694 si
1229 1634 1379 1714 captivos

204 1744 376 1821 aspiceres,
390 1738 537 1812 Molossi,
548 1735 708 1812 Thessali,
726 1738 937 1813 Macedones,
951 1738 1107 1815 Bruttius,
1124 1738 1261 1819 Apulus,
1279 1752 1380 1821 atque

202 1848 373 1911 Lucanus:
416 1847 444 1908 si
478 1863 635 1927 pompas,
666 1865 796 1920 aurum,
829 1865 986 1925 purpura,
1019 1847 1126 1928 signa,
1160 1847 1291 1909 tabulae
1315 1847 1379 1910 Ta-

205 1956 418 2034 rentinaeque
448 1951 594 2016 deliciae.
643 1950 710 2015 Sed
742 1950 818 2012 nihil
849 1951 1004 2013 libentius
1036 1953 1177 2032 populus
1209 1954 1379 2017 Romanus

203 2063 334 2142 aspexit
362 2078 460 2141 quarn
491 2058 570 2133 illas,
596 2078 676 2138 quas
701 2061 854 2120 timuerat
886 2078 961 2120 cum
984 2061 1128 2121 turribus
1157 2062 1225 2122 suis
1250 2062 1378 2124 beluas:

204 2188 289 2249 quae
308 2186 375 2228 non
400 2167 470 2227 sine
482 2184 589 2253 ‘sensu
609 2166 808 2244 captivitatis
833 2166 1006 2227 submissis
1032 2168 1213 2228 cervicibus
1237 2169 1380 2231 victores

206 2294 310 2354 equos
326 2274 550 2354 sequebantur
569 2270 660 2354 (edit.
675 2272 806 2351 Bipont.
825 2274 905 2348 1783
927 2292 959 2352 p.
978 2275 1036 2349 28;
1059 2274 1110 2339 ed.
1125 2274 1241 2335 Tietze
1257 2274 1380 2357 Pragae

211 2384 293 2460 1819
316 2401 347 2460 p.
364 2378 430 2462 67).

292 2505 386 2567 Alios
418 2523 551 2584 quoque
583 2503 674 2565 locos
705 2503 837 2565 laudare
868 2504 1003 2585 longum
1034 2515 1094 2567 est.
1150 2504 1217 2568 Sed
1249 2506 1380 2569 silentio

205 2613 380 2693 praeterire
398 2610 475 2672 nolo
493 2608 530 2671 L.
545 2610 754 2689 Papirium
772 2609 996 2673 Cursorem
1018 2614 1059 2674 ad
1077 2631 1198 2674 annum
1215 2634 1242 2675 a.
1260 2611 1332 2676 Chr.
1347 2634 1378 2676 n.

206 2734 267 2799 272
302 2717 476 2779 memorari
511 2718 543 2777 in
576 2715 669 2778 fastis
705 2717 931 2779 consularibus
969 2717 1150 2797 (Theodori
1183 2719 1381 2784 Mommseni

206 2845 283 2887 cura
305 2827 390 2886 inter
412 2844 448 2885 se
473 2823 609 2898 collatis,
634 2820 733 2903 Corp.
758 2824 905 2903 inscript.
929 2823 1000 2886 Lat.
1022 2825 1085 2891 vol.
1107 2826 1140 2901 1..
1162 2827 1258 2888 Berol
1287 2828 1379 2905 1863,

206 2953 237 3012 p.
265 2930 351 3014 519).
394 2929 506 3011 Itaque
538 2949 614 2991 cum
645 2930 754 2992 multis
783 2932 890 2993 verbis
922 2932 970 2993 uti
1001 2933 1172 2994 videamus
1203 2935 1381 3014 scriptores

205 3058 312 3101 rerum
329 3038 371 3100 ad
391 3037 592 3099 laudandum
609 3037 781 3117 Papirium,
800 3040 854 3118 qui
872 3049 948 3117 post
966 3039 1097 3114 bellum,
1116 3041 1205 3120 quod
1224 3041 1381 3104 Romanis

207 3164 280 3207 cum
304 3143 427 3224 Pyrrho
450 3141 703 3223 Tarentinisque
725 3145 793 3220 suit,
819 3165 934 3224 pacem
960 3148 1172 3226 quietemque
1191 3149 1379 3224 restituerit,

206 3262 241 3315 ut
259 3252 366 3314 lacere
386 3272 454 3313 non
475 3253 610 3331 possim,
625 3253 703 3333 quin
722 3252 883 3314 Prinzium
901 3253 987 3314 illum
1007 3253 1379 3338 Austriacum(p.120),

205 3360 391 3422 Housmani
413 3360 526 3439 potius
551 3378 651 3439 quam
674 3359 795 3420 Manilii
819 3360 929 3436 verba,
956 3380 1039 3440 quae
1069 3364 1243 3440 perspicua
1271 3382 1380 3443 neque

204 3469 346 3529 obscura
370 3466 523 3527 videntur
547 3486 631 3541 esse,
657 3467 841 3545 inspexisse
866 3478 990 3546 putem,
1016 3470 1180 3530 sincerum
1203 3470 1380 3550 integrum-

205 3594 279 3654 que,
297 3573 388 3654 quod
405 3573 562 3634 traditum
582 3584 642 3647 est,
661 3574 827 3635 mordicus
844 3575 1025 3636 tenendum
1042 3576 1139 3635 nobis
1156 3596 1229 3637 esse
1248 3595 1379 3639 censeo.

205 3681 317 3741 Rectis
346 3681 443 3761 igitur
466 3679 539 3740 talis
564 3699 668 3759 prope
692 3700 727 3741 se
752 3681 923 3760 utriusque
948 3692 1034 3742 stare
1059 3692 1170 3760 potest
1194 3685 1379 3744 sententia:

207 3798 240 3849 et
265 3785 398 3862 Manilii,
424 3788 480 3866 qui
503 3787 598 3848 dicit:

453 3911 565 3992 Pyrrhi
590 3932 648 3991 per
673 3912 757 3974 bella
781 3913 926 3991 Papirius
955 3911 1068 3974 ultor
1092 3948 1133 3959 —

206 4050 240 4097 et
264 4033 443 4111 Claudiani,
469 4037 523 4115 qui
548 4036 633 4097 hunc
658 4038 782 4116 pepigit
807 4056 954 4097 versum:

419 4178 517 4240 Plena
541 4179 637 4240 datur
661 4177 759 4241 Curio
784 4179 867 4258 pulsi
893 4180 1028 4241 victoria
1052 4179 1172 4258 Pyrrhi.
