3166 5048
741 402 940 464 „g-

255 612 394 676 Luciani
423 613 570 676 Muelleri
601 614 817 677 clarIssimum
848 615 889 677 de
921 634 955 676 re
986 617 1122 678 metrica
1153 615 1270 677 librum
1301 617 1364 695 (ed.
1389 615 1424 684 II.

255 718 387 801 Petrop.
412 731 445 783 et
469 720 559 802 Lips.
588 722 673 800 1894
696 741 726 801 p.
747 718 802 805 36)
825 731 925 802 atque
949 722 1102 802 inspicias
1127 733 1160 784 et
1184 720 1369 785 Housmani
1393 733 1426 785 et

255 826 526 910 KleInguentheri
556 838 668 905 notas,
703 830 822 908 quibus
853 848 936 908 quae
965 829 1101 905 addam,
1131 849 1198 892 non
1226 829 1333 893 habeo
1363 831 1426 892 nisi

256 934 347 1014 quod
371 933 557 997 facillimam
581 935 743 998 medelam
768 955 842 998 esse
866 936 1064 1014 putaverim:

363 1058 431 1120 Das
455 1061 611 1136 animum,
637 1062 789 1140 viresque
813 1060 893 1122 facis
918 1071 953 1121 tu
976 1061 1018 1123 ad
1041 1069 1134 1122 tanta
1159 1061 1317 1127 canenda.

257 1182 366 1244 Facile
397 1203 488 1245 error
512 1220 555 1228 -
579 1185 606 1246 si
629 1186 686 1266 qui
710 1204 800 1246 error
825 1194 874 1247 est
899 1220 942 1231 -
966 1184 1168 1264 explicatur:
1202 1186 1257 1266 qui
1287 1187 1427 1265 scripsit,

257 1291 475 1368 pronuntians
507 1290 584 1372 legit
614 1291 697 1367 t'ad,
728 1293 762 1354 in
792 1291 967 1354 scribendo
996 1293 1065 1354 sive
1095 1293 1355 1355 interiectionem
1380 1302 1429 1354 tat

258 1414 334 1458 esse
364 1397 599 1477 interpretatus
630 1400 700 1460 sive
731 1400 890 1480 gravitate
914 1399 1044 1481 linguae
1067 1409 1255 1461 commotus
1280 1400 1427 1461 omisitt
1483 1427 1484 1430 ¹

261 1501 397 1570 literam.
445 1503 632 1566 Pronomen
662 1514 774 1566 autem
804 1515 840 1567 tu
871 1505 1003 1585 saepius
1032 1504 1109 1567 elidi
1132 1506 1341 1567 notissimum
1364 1515 1424 1580 est,

259 1628 286 1676 e.
303 1630 334 1693 g.
349 1609 449 1691 Verg.
466 1610 657 1689 Aen.Iz89
680 1621 714 1673 et
739 1610 853 1675 Catuli.
871 1630 899 1677 c.
917 1610 1021 1687 XXX,
1043 1627 1091 1678 11.
1117 1644 1160 1658 -

347 1713 455 1791 Nunc,
481 1718 638 1797 quoniam
663 1718 704 1778 de
721 1716 991 1800 Kleinguentheri
1015 1720 1204 1780 coniectura
1227 1720 1306 1780 satis
1328 1718 1430 1781 multa

262 1824 361 1885 verba
385 1824 504 1885 fecisse
528 1823 606 1886 mihi
629 1825 754 1900 videor,
779 1825 821 1886 ad
845 1845 903 1886 eos
928 1824 1018 1887 locos
1035 1835 1251 1899 transeamus,
1277 1826 1332 1904 qui
1350 1826 1429 1905 quin

258 1931 300 1992 ab
332 1930 529 1992 Housmano
565 1932 753 2010 nuperrime
789 1933 932 2011 corrupti
969 1933 1049 2006 sint,
1086 1931 1221 1992 dubium
1257 1951 1332 1994 esse
1363 1950 1430 1994 non

258 2046 380 2116 potest.
405 2072 449 2082 —

800 2230 888 2311 125.

348 2373 384 2437 ln
415 2394 525 2436 earum
557 2386 667 2435 autem
698 2375 960 2436 coniecturarum
990 2393 1137 2450 numero,
1172 2394 1257 2455 quae
1288 2376 1431 2436 maxime

259 2481 488 2543 memorabiles
506 2501 579 2544 esse
596 2480 777 2556 videantur,
796 2480 874 2543 Ellis
892 2482 923 2542 in
940 2481 1110 2544 Hermath.
1129 2481 1191 2543 vol.
1210 2481 1292 2544 XIII.
1309 2481 1372 2548 No.
1392 2496 1434 2559 30

258 2582 374 2671 (1904)
397 2597 468 2667 p.9
491 2588 586 2667 ponit
609 2606 692 2662 eam,
718 2607 783 2668 qua
807 2587 894 2649 facta
918 2588 964 2648 sic
988 2589 1172 2666 procedunt
1196 2609 1225 2650 ν,
1248 2587 1312 2666 125
1328 2607 1394 2668 sq.:

306 2708 414 2789 Quem
445 2713 586 2790 primum
617 2710 749 2774 ulterius
777 2710 867 2773 licuit
891 2729 1092 2792 cognoscere
1117 2713 1211 2774 terris

305 2818 477 2881 Munere
502 2818 752 2879 caelestum?
785 2816 867 2897 Quis
890 2819 977 2879 enim
1001 2817 1289 2881 condentibus
1311 2818 1388 2880 illis

305 2923 485 3004 Clepsisset
509 2924 597 2987 furto
621 2925 790 3000 mundum,
817 2943 883 3004 quo
908 2936 1027 2986 cuncta
1050 2927 1227 3008 reguntur?

349 3047 557 3129 Quamquam
587 3068 653 3110 non
685 3050 711 3111 is
735 3069 818 3124 sum,
850 3050 905 3129 qui
928 3067 1046 3130 negem
1071 3049 1195 3125 ultra,
1229 3051 1355 3125 intra,
1382 3049 1435 3111 ul-

261 3157 378 3231 tima,
418 3156 578 3231 intima,
611 3156 728 3218 similia
758 3175 858 3236 saepe
886 3155 1054 3231 confundi
1086 3165 1207 3231 tamen,
1240 3158 1432 3236 priusquam

262 3263 459 3338 interius,
493 3263 584 3342 quod
617 3283 684 3325 uno
718 3264 865 3324 omnium
898 3263 1054 3324 librorum
1088 3281 1253 3324 consensu
1284 3263 1432 3337 traditur,

261 3379 456 3445 commutes,
488 3388 567 3430 num
593 3371 728 3431 omnino
757 3370 941 3431 necessaria
969 3369 1010 3430 sit
1034 3370 1183 3444 mutatio,
1209 3369 1433 3450 quaerendum

261 3495 334 3538 esse
359 3477 507 3542 arbitror.

349 3582 462 3662 Atque
487 3593 522 3645 ut
539 3582 703 3665 Vergilius
728 3583 760 3643 in
782 3601 936 3643 versuum
962 3582 1060 3643 initiis
1077 3578 1103 3664 (I
1116 3597 1148 3656 1;
1169 3581 1244 3662 119)
1263 3581 1313 3643 bis
1337 3580 1438 3643 habet

261 3709 370 3751 arma
394 3690 524 3752 virum
555 3690 587 3750 in
618 3690 724 3769 primo
748 3687 905 3751 Aeneidis
937 3688 1029 3762 libro,
1061 3688 1104 3748 ita
1129 3689 1161 3749 in
1192 3687 1341 3749 eiusdem
1365 3685 1437 3749 libri

262 3797 402 3859 duorum
434 3815 587 3858 versuum
618 3797 778 3875 principio
809 3795 896 3874 apud
928 3794 1095 3856 Manilium
1125 3794 1186 3855 hae
1215 3813 1314 3856 voces
1343 3792 1436 3877 (1233

265 3903 341 3987 363)
366 3903 586 3982 reperiuntur:

692 3989 800 4070 Quem
825 3991 965 4070 primum
990 4024 1033 4036 -

265 4136 333 4178 non
357 4116 506 4199 neglecta
530 4116 582 4178 illa
606 4116 657 4178 vel
681 4118 882 4195 optImorum
906 4125 1078 4196 poetarum
1104 4114 1344 4177 consuetudine
1368 4133 1438 4175 ver-

267 4243 363 4286 suum
388 4225 457 4285 slve
481 4224 563 4286 fines
586 4226 655 4286 sive
680 4225 770 4285 initia
794 4223 895 4286 semel
919 4224 1051 4287 inventa
1075 4222 1222 4288 iterandi.
