3166 5048
755 901 799 979 In
829 899 1071 1000 Appendiao

326 1080 483 1143 nonnulla
512 1080 633 1143 addere
666 1080 756 1142 lubet
788 1079 830 1141 de
853 1099 905 1155 ea,
931 1097 1016 1160 quae
1040 1089 1211 1153 tractatur,
1238 1079 1386 1154 materia,
1412 1097 1494 1158 quae

326 1187 389 1250 alio
414 1186 487 1250 loco
512 1187 674 1249 tractandi
698 1185 804 1248 deluit
828 1195 861 1248 et
885 1187 1017 1249 occasio
1041 1196 1075 1247 et
1099 1183 1244 1250 facultas

660 1416 686 1464 1.
723 1400 774 1462 de
804 1399 991 1461 Manilio
1022 1411 1167 1480 poeta.

415 1541 500 1622 Nam
521 1562 582 1604 suo
599 1544 668 1604 iure
684 1561 821 1604 monere
837 1542 915 1603 mihi
932 1542 1060 1604 videtur
1076 1540 1377 1624 Kleinguentherus
1394 1544 1438 1620 (p.
1453 1537 1497 1623 7),

241 1672 242 1675 ¹
327 1649 417 1729 quod
452 1648 584 1711 iuvenili
619 1650 788 1729 quondam
823 1651 941 1711 ardore
975 1648 1150 1711 Maniliana
1184 1647 1291 1710 studia
1324 1646 1497 1726 amplexus

327 1773 439 1816 mera
470 1757 661 1817 coniectura
691 1757 917 1836 auguraverim
948 1757 1018 1817 fieri
1049 1756 1211 1835 potuisse,
1243 1763 1280 1815 ut
1303 1773 1370 1816 non
1394 1753 1497 1815 multo

328 1871 406 1943 post
430 1859 603 1924 Octaviani
634 1874 775 1924 mortem
807 1872 908 1942 poeta
938 1863 1009 1942 ipse
1040 1881 1231 1941 supremum
1263 1860 1350 1922 diem
1381 1861 1498 1922 obiret.

326 1966 444 2048 Neque
466 1970 553 2030 enim
576 1969 755 2048 quidquam
777 1969 874 2030 nobis
896 1970 937 2032 de
958 1969 1081 2031 Manilii
1102 1970 1168 2030 vita
1187 1977 1243 2029 aut
1259 1975 1367 2029 morte
1382 1976 1499 2029 notum

328 2083 389 2137 est.
426 2073 502 2153 Quo
527 2076 662 2155 oppido,
688 2094 755 2154 quo
777 2085 939 2156 tempore,
961 2096 1028 2157 quo
1048 2094 1134 2137 anno
1154 2084 1252 2136 natus
1271 2074 1323 2150 sit,
1349 2092 1409 2134 nec
1429 2074 1500 2152 ipse

328 2181 359 2242 in
384 2181 422 2243 iis
442 2182 577 2262 quidem
597 2180 696 2257 libris,
723 2184 777 2260 qui
797 2192 942 2244 aetatem
959 2182 1112 2256 tulerunt,
1138 2180 1271 2242 tradidit
1288 2199 1396 2260 neque
1411 2180 1500 2258 apud

327 2286 408 2349 alios
441 2289 619 2368 scriptores
649 2292 827 2353 memoriae
851 2290 1018 2369 proditum
1042 2290 1232 2369 reperimus.
1279 2286 1391 2366 Atque
1422 2306 1501 2347 con·

330 2392 426 2455 fiteor
456 2413 496 2455 eo
528 2397 638 2474 potius
669 2396 806 2458 consilio
837 2415 890 2458 me
920 2395 972 2457 illa
1002 2397 1102 2457 verba
1126 2395 1294 2474 quondam
1318 2395 1499 2473 scripsisse,

330 2510 367 2563 ut
397 2515 511 2580 aptum
539 2501 638 2562 finem
663 2502 885 2564 dissertationi
910 2503 1115 2581 imponerem
1139 2521 1238 2582 quam
1262 2500 1353 2581 quod
1377 2517 1501 2562 novum

328 2616 428 2687 atque
460 2608 644 2670 inauditum
675 2607 778 2670 letum
807 2628 859 2670 me
883 2610 1042 2688 parturire
1067 2618 1226 2687 putarem.
1274 2605 1501 2685 Quamobrem

329 2715 416 2776 iusto
442 2715 537 2776 nimis
554 2718 756 2778 commoveri
772 2715 894 2777 Freieri
919 2712 1171 2799 (Wochenschr.
1189 2715 1210 2778 f.
1228 2713 1271 2777 kl.
1287 2713 1398 2776 Philol.
1417 2715 1496 2791 1891

328 2818 390 2883 No.
413 2817 465 2903 to)
489 2833 521 2881 et
538 2820 808 2902 Kleinguentheri
833 2823 961 2883 animos
979 2823 1067 2898 nolo,
1093 2842 1176 2902 quos
1201 2841 1242 2882 ne
1260 2822 1349 2901 ipsos
1367 2819 1502 2900 quidem

328 2925 425 3006 culpa
448 2946 521 2989 esse
545 2947 668 2990 vacuos
692 2929 924 2996 intelleximus.
968 2925 1020 2992 De
1044 2929 1178 2990 Freiero
1203 2928 1257 2990 illo
1281 2927 1416 3008 quidem
1438 2925 1503 2987 Ra·

328 3033 474 3095 morinus
506 3030 597 3117 (Quo
621 3054 781 3097 annorum
807 3037 917 3116 spatio
941 3036 1092 3098 Manilius
1116 3035 1377 3097 Astronomicon
1400 3031 1503 3094 libros

328 3142 554 3220 composuerit
583 3138 679 3225 1898)
709 3143 755 3219 sic
779 3143 918 3204 iudicat:
950 3141 1070 3204 Omnia
1094 3141 1289 3203 Tiberianae
1313 3140 1429 3202 aetatis
1455 3140 1503 3200 in-

329 3247 413 3308 dicia
437 3248 469 3308 in
485 3247 608 3309 Manilii
632 3251 781 3311 versibus
805 3249 1054 3331 diligentissime
1074 3250 1281 3330 conquisivit,
1306 3258 1340 3310 et
1356 3246 1502 3327 undique

330 3362 524 3435 argumenta
543 3356 720 3438 congessit,
743 3376 828 3436 quae
848 3357 1047 3419 sententiam
1063 3374 1156 3418 suam
1172 3355 1285 3417 fulcire
1301 3354 1499 3418 viderentur.

329 3460 393 3535 At,
426 3479 510 3539 quae
540 3459 756 3523 humanarum
780 3482 888 3523 rerum
912 3462 1065 3524 condicio
1089 3471 1154 3536 est,
1180 3480 1246 3523 non
1271 3462 1312 3522 ab
1337 3459 1502 3523 erroribus

330 3567 409 3628 satis
434 3568 519 3628 cavit
536 3567 703 3644 Freierus;
730 3568 802 3648 plus
827 3568 929 3631 semel
953 3568 1072 3630 indicia
1088 3566 1284 3629 Tiberianae
1308 3569 1426 3630 aetatis
1445 3567 1504 3628 de·

332 3672 537 3752 prehendere
566 3674 628 3736 sibi
657 3676 745 3736 visus
770 3686 836 3750 est,
860 3676 916 3736 ubi
941 3673 1027 3736 nulla
1051 3686 1180 3750 essent;
1211 3694 1252 3736 eo
1276 3674 1442 3753 pervenit,
1466 3684 1504 3735 ut

330 3800 374 3842 ex
397 3782 512 3860 paucis
530 3781 651 3842 Manilii
676 3783 824 3844 versibus
848 3793 904 3844 aut
929 3783 1037 3844 verbis
1062 3802 1137 3844 eum
1160 3782 1298 3862 fingeret
1316 3778 1505 3842 Germanici

331 3890 458 3949 socium
495 3888 610 3964 luisse,
653 3908 728 3950 cum
768 3908 808 3950 eo
841 3887 1052 3950 Germaniam
1082 3888 1263 3968 Asiamque
1300 3904 1503 3970 peragrasse,

330 4014 398 4055 uno
418 3997 520 4056 verbo
545 4014 838 4057 romanensem
863 3996 1068 4076 quandam
1092 3994 1275 4056 fabulam
1300 4001 1503 4054 contexe-

331 4110 393 4162 ret
426 4120 443 4161 a
477 4121 572 4163 vera
608 4101 787 4162 criticae
823 4101 1091 4163 factitandae
1128 4103 1294 4162 ratione
1327 4097 1505 4160 alienis-

331 4227 483 4272 srmam.
