<?xml version="1.0" encoding="UTF-8"?>
<!DOCTYPE html PUBLIC "-//W3C//DTD XHTML 1.0 Transitional//EN"
    "http://www.w3.org/TR/xhtml1/DTD/xhtml1-transitional.dtd">
<html xmlns="http://www.w3.org/1999/xhtml" xml:lang="en" lang="en">
 <head>
  <title>
</title>
<meta http-equiv="Content-Type" content="text/html;charset=utf-8" />
  <meta name='ocr-system' content='tesseract 3.04.00' />
  <meta name='ocr-capabilities' content='ocr_page ocr_carea ocr_par ocr_line ocrx_word'/>
</head>
<body>
  <div class='ocr_page' id='page_1' title='image "./delocisquibusda00kraegoog_0024.png"; bbox 0 0 3166 5048; ppageno 0'>
   <div class='ocr_carea' id='block_1_1' title="bbox 682 374 899 436">
    <p class='ocr_par' dir='ltr' id='par_1_1' title="bbox 682 374 899 436">
     <span class='ocr_line' id='line_1_1' title="bbox 682 374 899 436; baseline 0.005 -34"><span class='ocrx_word' id='word_1_1' title='bbox 682 374 899 436; x_wconf 67' lang='lat'>„19-</span> 
     </span>
    </p>
   </div>
   <div class='ocr_carea' id='block_1_2' title="bbox 202 571 1433 1296">
    <p class='ocr_par' dir='ltr' id='par_1_2' title="bbox 202 571 1433 1296">
     <span class='ocr_line' id='line_1_2' title="bbox 292 571 1376 656; baseline -0.002 -19"><span class='ocrx_word' id='word_1_2' title='bbox 292 575 405 656; x_wconf 86' lang='lat' dir='ltr'>Atque</span> <span class='ocrx_word' id='word_1_3' title='bbox 436 584 471 636; x_wconf 85' lang='lat' dir='ltr'>ut</span> <span class='ocrx_word' id='word_1_4' title='bbox 504 575 536 634; x_wconf 92' lang='lat' dir='ltr'>in</span> <span class='ocrx_word' id='word_1_5' title='bbox 560 572 699 634; x_wconf 88' lang='lat' dir='ltr'>Arnobii</span> <span class='ocrx_word' id='word_1_6' title='bbox 731 572 891 633; x_wconf 85' lang='lat' dir='ltr'>latinitate</span> <span class='ocrx_word' id='word_1_7' title='bbox 926 571 1100 633; x_wconf 91' lang='lat' dir='ltr'>iudicanda</span> <span class='ocrx_word' id='word_1_8' title='bbox 1135 583 1278 634; x_wconf 88' lang='lat' dir='ltr'>erratum</span> <span class='ocrx_word' id='word_1_9' title='bbox 1302 595 1376 635; x_wconf 89' lang='lat' dir='ltr'>esse</span> 
     </span>
     <span class='ocr_line' id='line_1_3' title="bbox 205 677 1376 765; baseline -0.003 -19"><span class='ocrx_word' id='word_1_10' title='bbox 205 693 351 765; x_wconf 85' lang='lat' dir='ltr'>apparet,</span> <span class='ocrx_word' id='word_1_11' title='bbox 383 683 476 743; x_wconf 90' lang='lat' dir='ltr'>cuius</span> <span class='ocrx_word' id='word_1_12' title='bbox 505 680 636 742; x_wconf 92' lang='lat' dir='ltr'>dicendi</span> <span class='ocrx_word' id='word_1_13' title='bbox 667 698 772 760; x_wconf 86' lang='lat' dir='ltr'>genus</span> <span class='ocrx_word' id='word_1_14' title='bbox 803 698 870 739; x_wconf 94' lang='lat' dir='ltr'>non</span> <span class='ocrx_word' id='word_1_15' title='bbox 902 689 970 739; x_wconf 89' lang='lat' dir='ltr'>tam</span> <span class='ocrx_word' id='word_1_16' title='bbox 1001 679 1205 742; x_wconf 88' lang='lat' dir='ltr'>ferventibus</span> <span class='ocrx_word' id='word_1_17' title='bbox 1229 677 1376 752; x_wconf 77' lang='lat' dir='ltr'>Africani</span> 
     </span>
     <span class='ocr_line' id='line_1_4' title="bbox 205 766 1433 865; baseline -0.002 -12"><span class='ocrx_word' id='word_1_18' title='bbox 205 790 283 854; x_wconf 92' lang='lat' dir='ltr'>solis</span> <span class='ocrx_word' id='word_1_19' title='bbox 312 790 409 851; x_wconf 92' lang='lat' dir='ltr'>radiis</span> <span class='ocrx_word' id='word_1_20' title='bbox 439 807 513 849; x_wconf 92' lang='lat' dir='ltr'>esse</span> <span class='ocrx_word' id='word_1_21' title='bbox 548 785 672 848; x_wconf 88' lang='lat' dir='ltr'>cultum</span> <span class='ocrx_word' id='word_1_22' title='bbox 705 795 934 865; x_wconf 87' lang='lat' dir='ltr'>mutatumque</span> <span class='ocrx_word' id='word_1_23' title='bbox 964 804 1060 865; x_wconf 90' lang='lat' dir='ltr'>quam</span> <span class='ocrx_word' id='word_1_24' title='bbox 1095 785 1180 848; x_wconf 92' lang='lat' dir='ltr'>ludis</span> <span class='ocrx_word' id='word_1_25' title='bbox 1209 787 1376 850; x_wconf 88' lang='lat' dir='ltr'>rhetorum</span> <span class='ocrx_word' id='word_1_26' title='bbox 1431 766 1433 770; x_wconf 10' lang='grc' dir='ltr'><em>Α</em></span> 
     </span>
     <span class='ocr_line' id='line_1_5' title="bbox 204 891 1376 972; baseline -0.003 -12"><span class='ocrx_word' id='word_1_27' title='bbox 204 898 314 960; x_wconf 88' lang='lat' dir='ltr'>videre</span> <span class='ocrx_word' id='word_1_28' title='bbox 337 896 413 958; x_wconf 88' lang='lat' dir='ltr'>licet</span> <span class='ocrx_word' id='word_1_29' title='bbox 430 915 474 955; x_wconf 89' lang='lat' dir='ltr'>ex</span> <span class='ocrx_word' id='word_1_30' title='bbox 491 892 654 972; x_wconf 87' lang='lat' dir='ltr'>Spindleri</span> <span class='ocrx_word' id='word_1_31' title='bbox 679 892 720 953; x_wconf 91' lang='lat' dir='ltr'>de</span> <span class='ocrx_word' id='word_1_32' title='bbox 737 891 800 953; x_wconf 94' lang='lat' dir='ltr'>hoc</span> <span class='ocrx_word' id='word_1_33' title='bbox 818 893 978 972; x_wconf 82' lang='lat' dir='ltr'>scriptore</span> <span class='ocrx_word' id='word_1_34' title='bbox 995 893 1218 972; x_wconf 89' lang='lat' dir='ltr'>disputatione</span> <span class='ocrx_word' id='word_1_35' title='bbox 1243 894 1376 972; x_wconf 87' lang='lat' dir='ltr'><strong>(Archiv</strong></span> 
     </span>
     <span class='ocr_line' id='line_1_6' title="bbox 204 998 1376 1081; baseline -0.003 -14"><span class='ocrx_word' id='word_1_36' title='bbox 204 1005 224 1071; x_wconf 85' lang='lat' dir='ltr'>l.</span> <span class='ocrx_word' id='word_1_37' title='bbox 243 1003 360 1068; x_wconf 87' lang='lat' dir='ltr'>Lexik.</span> <span class='ocrx_word' id='word_1_38' title='bbox 384 1017 477 1080; x_wconf 84' lang='lat'>1902,</span> <span class='ocrx_word' id='word_1_39' title='bbox 503 1009 526 1063; x_wconf 93' lang='lat' dir='ltr'>t.</span> <span class='ocrx_word' id='word_1_40' title='bbox 544 999 612 1064; x_wconf 93' lang='lat' dir='ltr'>XII.</span> <span class='ocrx_word' id='word_1_41' title='bbox 631 1018 662 1078; x_wconf 95' lang='lat' dir='ltr'>p.</span> <span class='ocrx_word' id='word_1_42' title='bbox 680 1010 743 1076; x_wconf 82' lang='lat'>435</span> <span class='ocrx_word' id='word_1_43' title='bbox 777 1008 811 1059; x_wconf 88' lang='lat' dir='ltr'>et</span> <span class='ocrx_word' id='word_1_44' title='bbox 834 998 924 1075; x_wconf 73' lang='lat'><strong>436),</strong></span> <span class='ocrx_word' id='word_1_45' title='bbox 957 1000 1002 1059; x_wconf 91' lang='lat' dir='ltr'>ita</span> <span class='ocrx_word' id='word_1_46' title='bbox 1031 1002 1190 1062; x_wconf 83' lang='lat' dir='ltr'>erravisse</span> <span class='ocrx_word' id='word_1_47' title='bbox 1221 1012 1376 1081; x_wconf 92' lang='lat' dir='ltr'>putamus</span> 
     </span>
     <span class='ocr_line' id='line_1_7' title="bbox 202 1103 1376 1189; baseline -0.002 -17"><span class='ocrx_word' id='word_1_48' title='bbox 202 1120 236 1172; x_wconf 92' lang='lat' dir='ltr'>et</span> <span class='ocrx_word' id='word_1_49' title='bbox 271 1108 507 1189; x_wconf 83' lang='lat' dir='ltr'>Rossbergium</span> <span class='ocrx_word' id='word_1_50' title='bbox 540 1103 636 1187; x_wconf 83' lang='lat' dir='ltr'>(Berl.</span> <span class='ocrx_word' id='word_1_51' title='bbox 663 1103 740 1183; x_wconf 89' lang='lat' dir='ltr'>phil.</span> <span class='ocrx_word' id='word_1_52' title='bbox 769 1103 887 1170; x_wconf 81' lang='lat' dir='ltr'>woch,</span> <span class='ocrx_word' id='word_1_53' title='bbox 919 1105 1012 1182; x_wconf 87' lang='lat'>1889,</span> <span class='ocrx_word' id='word_1_54' title='bbox 1047 1105 1102 1168; x_wconf 89' lang='lat' dir='ltr'>Nr.</span> <span class='ocrx_word' id='word_1_55' title='bbox 1133 1122 1182 1183; x_wconf 83' lang='lat'>34,</span> <span class='ocrx_word' id='word_1_56' title='bbox 1217 1128 1248 1188; x_wconf 92' lang='lat' dir='ltr'>p.</span> <span class='ocrx_word' id='word_1_57' title='bbox 1280 1108 1376 1188; x_wconf 80' lang='lat'>1074)</span> 
     </span>
     <span class='ocr_line' id='line_1_8' title="bbox 202 1212 1377 1296; baseline -0.003 -16"><span class='ocrx_word' id='word_1_58' title='bbox 202 1217 371 1280; x_wconf 88' lang='lat' dir='ltr'>Manilium</span> <span class='ocrx_word' id='word_1_59' title='bbox 404 1215 613 1296; x_wconf 86' lang='lat' dir='ltr'>peregrinum</span> <span class='ocrx_word' id='word_1_60' title='bbox 647 1212 747 1273; x_wconf 85' lang='lat' dir='ltr'>luisse</span> <span class='ocrx_word' id='word_1_61' title='bbox 780 1212 983 1286; x_wconf 87' lang='lat' dir='ltr'>arbitratum,</span> <span class='ocrx_word' id='word_1_62' title='bbox 1018 1224 1050 1274; x_wconf 91' lang='lat' dir='ltr'>et</span> <span class='ocrx_word' id='word_1_63' title='bbox 1086 1213 1377 1277; x_wconf 82' lang='lat' dir='ltr'>Meader-Woelfl-</span> 
     </span>
    </p>
   </div>
   <div class='ocr_carea' id='block_1_3' title="bbox 204 1318 1465 1404">
    <p class='ocr_par' dir='ltr' id='par_1_3' title="bbox 204 1318 1465 1404">
     <span class='ocr_line' id='line_1_9' title="bbox 204 1318 1465 1404; baseline -0.002 -19"><span class='ocrx_word' id='word_1_64' title='bbox 204 1326 317 1386; x_wconf 93' lang='lat' dir='ltr'>linium</span> <span class='ocrx_word' id='word_1_65' title='bbox 348 1321 475 1404; x_wconf 86' lang='lat' dir='ltr'><strong>linguae</strong></span> <span class='ocrx_word' id='word_1_66' title='bbox 506 1319 627 1381; x_wconf 88' lang='lat' dir='ltr'>latinae</span> <span class='ocrx_word' id='word_1_67' title='bbox 656 1318 780 1380; x_wconf 81' lang='lat' dir='ltr'>affatim</span> <span class='ocrx_word' id='word_1_68' title='bbox 811 1320 953 1398; x_wconf 89' lang='lat' dir='ltr'>peritum</span> <span class='ocrx_word' id='word_1_69' title='bbox 984 1318 1085 1382; x_wconf 85' lang='lat' dir='ltr'>fuisse</span> <span class='ocrx_word' id='word_1_70' title='bbox 1116 1320 1376 1385; x_wconf 87' lang='lat' dir='ltr'>Astronomicon</span> <span class='ocrx_word' id='word_1_71' title='bbox 1463 1328 1465 1335; x_wconf 83' lang='lat'>&#39;</span> 
     </span>
    </p>
   </div>
   <div class='ocr_carea' id='block_1_4' title="bbox 204 1422 1392 2792">
    <p class='ocr_par' dir='ltr' id='par_1_4' title="bbox 204 1422 1392 2792">
     <span class='ocr_line' id='line_1_10' title="bbox 206 1422 1378 1511; baseline -0.002 -20"><span class='ocrx_word' id='word_1_72' title='bbox 206 1440 338 1510; x_wconf 91' lang='lat' dir='ltr'>poetam</span> <span class='ocrx_word' id='word_1_73' title='bbox 354 1426 466 1511; x_wconf 83' lang='lat' dir='ltr'>(Arch.</span> <span class='ocrx_word' id='word_1_74' title='bbox 485 1427 505 1489; x_wconf 87' lang='lat' dir='ltr'>s.</span> <span class='ocrx_word' id='word_1_75' title='bbox 524 1426 607 1492; x_wconf 89' lang='lat' dir='ltr'>Lex.</span> <span class='ocrx_word' id='word_1_76' title='bbox 629 1442 721 1503; x_wconf 86' lang='lat'>1902,</span> <span class='ocrx_word' id='word_1_77' title='bbox 743 1435 766 1491; x_wconf 87' lang='lat' dir='ltr'>t.</span> <span class='ocrx_word' id='word_1_78' title='bbox 784 1424 856 1500; x_wconf 85' lang='lat' dir='ltr'>XII,</span> <span class='ocrx_word' id='word_1_79' title='bbox 875 1446 906 1505; x_wconf 87' lang='lat' dir='ltr'>p.</span> <span class='ocrx_word' id='word_1_80' title='bbox 926 1443 944 1487; x_wconf 85' lang='lat'><strong>2</strong></span> <span class='ocrx_word' id='word_1_81' title='bbox 950 1422 1003 1509; x_wconf 81' lang='grc'>54)</span> <span class='ocrx_word' id='word_1_82' title='bbox 1020 1437 1206 1508; x_wconf 85' lang='lat' dir='ltr'><strong>negantem.</strong></span> <span class='ocrx_word' id='word_1_83' title='bbox 1255 1427 1378 1491; x_wconf 86' lang='lat' dir='ltr'>Contra</span> 
     </span>
     <span class='ocr_line' id='line_1_11' title="bbox 207 1529 1377 1616; baseline -0.001 -18"><span class='ocrx_word' id='word_1_84' title='bbox 207 1538 311 1599; x_wconf 92' lang='lat' dir='ltr'>omnis</span> <span class='ocrx_word' id='word_1_85' title='bbox 329 1536 481 1598; x_wconf 89' lang='lat' dir='ltr'>carminis</span> <span class='ocrx_word' id='word_1_86' title='bbox 503 1534 664 1595; x_wconf 85' lang='lat' dir='ltr'>ambitum</span> <span class='ocrx_word' id='word_1_87' title='bbox 688 1552 754 1594; x_wconf 92' lang='lat' dir='ltr'>uno</span> <span class='ocrx_word' id='word_1_88' title='bbox 778 1533 878 1594; x_wconf 91' lang='lat' dir='ltr'>veluti</span> <span class='ocrx_word' id='word_1_89' title='bbox 903 1534 1022 1595; x_wconf 87' lang='lat' dir='ltr'>obtuto</span> <span class='ocrx_word' id='word_1_90' title='bbox 1047 1529 1222 1609; x_wconf 80' lang='lat' dir='ltr'>intuentes,</span> <span class='ocrx_word' id='word_1_91' title='bbox 1248 1536 1303 1616; x_wconf 94' lang='lat' dir='ltr'>qui</span> <span class='ocrx_word' id='word_1_92' title='bbox 1327 1546 1377 1597; x_wconf 93' lang='lat' dir='ltr'>est</span> 
     </span>
     <span class='ocr_line' id='line_1_12' title="bbox 205 1637 1378 1724; baseline -0.002 -18"><span class='ocrx_word' id='word_1_93' title='bbox 205 1644 322 1706; x_wconf 92' lang='lat' dir='ltr'>modus</span> <span class='ocrx_word' id='word_1_94' title='bbox 342 1642 507 1705; x_wconf 89' lang='lat' dir='ltr'>iudicandi</span> <span class='ocrx_word' id='word_1_95' title='bbox 525 1641 658 1702; x_wconf 93' lang='lat' dir='ltr'>minime</span> <span class='ocrx_word' id='word_1_96' title='bbox 684 1639 784 1701; x_wconf 87' lang='lat' dir='ltr'>fallax</span> <span class='ocrx_word' id='word_1_97' title='bbox 793 1637 831 1714; x_wconf 72' lang='lat'>4⁶,</span> <span class='ocrx_word' id='word_1_98' title='bbox 849 1642 1058 1721; x_wconf 82' lang='lat' dir='ltr'>agnoscimus</span> <span class='ocrx_word' id='word_1_99' title='bbox 1076 1641 1242 1703; x_wconf 91' lang='lat' dir='ltr'>hominem</span> <span class='ocrx_word' id='word_1_100' title='bbox 1260 1662 1378 1724; x_wconf 83' lang='lat' dir='ltr'>magna</span> 
     </span>
     <span class='ocr_line' id='line_1_13' title="bbox 204 1747 1377 1830; baseline -0.002 -18"><span class='ocrx_word' id='word_1_101' title='bbox 204 1751 354 1813; x_wconf 89' lang='lat' dir='ltr'>doctrina</span> <span class='ocrx_word' id='word_1_102' title='bbox 378 1751 586 1823; x_wconf 90' lang='lat' dir='ltr'>instructum,</span> <span class='ocrx_word' id='word_1_103' title='bbox 612 1747 834 1828; x_wconf 87' lang='lat' dir='ltr'>eloquentem,</span> <span class='ocrx_word' id='word_1_104' title='bbox 867 1749 945 1808; x_wconf 89' lang='lat' dir='ltr'>artis</span> <span class='ocrx_word' id='word_1_105' title='bbox 970 1749 1121 1827; x_wconf 86' lang='lat' dir='ltr'>poeticae</span> <span class='ocrx_word' id='word_1_106' title='bbox 1145 1749 1261 1823; x_wconf 78' lang='lat' dir='ltr'>omnis,</span> <span class='ocrx_word' id='word_1_107' title='bbox 1293 1769 1377 1830; x_wconf 89' lang='lat' dir='ltr'>quae</span> 
     </span>
     <span class='ocr_line' id='line_1_14' title="bbox 205 1854 1377 1938; baseline -0.002 -19"><span class='ocrx_word' id='word_1_108' title='bbox 205 1857 339 1938; x_wconf 90' lang='lat' dir='ltr'>quidem</span> <span class='ocrx_word' id='word_1_109' title='bbox 363 1856 464 1916; x_wconf 88' lang='lat' dir='ltr'>literis</span> <span class='ocrx_word' id='word_1_110' title='bbox 489 1866 522 1916; x_wconf 90' lang='lat' dir='ltr'>et</span> <span class='ocrx_word' id='word_1_111' title='bbox 547 1854 658 1916; x_wconf 93' lang='lat' dir='ltr'>studio</span> <span class='ocrx_word' id='word_1_112' title='bbox 675 1863 894 1932; x_wconf 80' lang='lat' dir='ltr'>comparatur,</span> <span class='ocrx_word' id='word_1_113' title='bbox 919 1870 952 1915; x_wconf 88' lang='lat' dir='ltr'>et</span> <span class='ocrx_word' id='word_1_114' title='bbox 977 1865 1142 1916; x_wconf 90' lang='lat' dir='ltr'>amantem</span> <span class='ocrx_word' id='word_1_115' title='bbox 1168 1867 1200 1916; x_wconf 89' lang='lat' dir='ltr'>et</span> <span class='ocrx_word' id='word_1_116' title='bbox 1225 1857 1377 1935; x_wconf 80' lang='lat' dir='ltr'>peritum,</span> 
     </span>
     <span class='ocr_line' id='line_1_15' title="bbox 204 1961 1378 2043; baseline -0.001 -18"><span class='ocrx_word' id='word_1_117' title='bbox 204 1965 346 2026; x_wconf 89' lang='lat' dir='ltr'>lectione</span> <span class='ocrx_word' id='word_1_118' title='bbox 371 1972 518 2024; x_wconf 90' lang='lat' dir='ltr'>veterum</span> <span class='ocrx_word' id='word_1_119' title='bbox 544 1975 715 2041; x_wconf 88' lang='lat' dir='ltr'>poetarum</span> <span class='ocrx_word' id='word_1_120' title='bbox 741 1961 914 2036; x_wconf 87' lang='lat' dir='ltr'>imbutum,</span> <span class='ocrx_word' id='word_1_121' title='bbox 941 1963 995 2041; x_wconf 95' lang='lat' dir='ltr'>qui</span> <span class='ocrx_word' id='word_1_122' title='bbox 1019 1973 1123 2023; x_wconf 90' lang='lat' dir='ltr'>artem</span> <span class='ocrx_word' id='word_1_123' title='bbox 1147 1962 1378 2043; x_wconf 86' lang='lat' dir='ltr'>astrologicam</span> 
     </span>
     <span class='ocr_line' id='line_1_16' title="bbox 206 2067 1392 2148; baseline -0.002 -16"><span class='ocrx_word' id='word_1_124' title='bbox 206 2071 350 2132; x_wconf 87' lang='lat' dir='ltr'>carmine</span> <span class='ocrx_word' id='word_1_125' title='bbox 374 2069 535 2130; x_wconf 89' lang='lat' dir='ltr'>universis</span> <span class='ocrx_word' id='word_1_126' title='bbox 564 2068 734 2130; x_wconf 90' lang='lat' dir='ltr'>doctrinae</span> <span class='ocrx_word' id='word_1_127' title='bbox 764 2068 915 2146; x_wconf 89' lang='lat' dir='ltr'>poeticae</span> <span class='ocrx_word' id='word_1_128' title='bbox 942 2067 1151 2129; x_wconf 89' lang='lat' dir='ltr'>documentis</span> <span class='ocrx_word' id='word_1_129' title='bbox 1180 2078 1279 2148; x_wconf 90' lang='lat' dir='ltr'>atque</span> <span class='ocrx_word' id='word_1_130' title='bbox 1304 2071 1392 2130; x_wconf 89' lang='lat' dir='ltr'>arti··</span> 
     </span>
     <span class='ocr_line' id='line_1_17' title="bbox 205 2173 1377 2256; baseline -0.001 -19"><span class='ocrx_word' id='word_1_131' title='bbox 205 2176 286 2237; x_wconf 87' lang='lat' dir='ltr'>ficiis</span> <span class='ocrx_word' id='word_1_132' title='bbox 311 2175 503 2237; x_wconf 88' lang='lat' dir='ltr'>instruendo</span> <span class='ocrx_word' id='word_1_133' title='bbox 524 2174 696 2236; x_wconf 87' lang='lat' dir='ltr'>enarrandi</span> <span class='ocrx_word' id='word_1_134' title='bbox 720 2173 892 2235; x_wconf 91' lang='lat' dir='ltr'>consilium</span> <span class='ocrx_word' id='word_1_135' title='bbox 917 2176 1015 2253; x_wconf 88' lang='lat' dir='ltr'>cepit.</span> <span class='ocrx_word' id='word_1_136' title='bbox 1047 2175 1236 2256; x_wconf 86' lang='lat' dir='ltr'>Verumque</span> <span class='ocrx_word' id='word_1_137' title='bbox 1260 2176 1377 2251; x_wconf 91' lang='lat' dir='ltr'>hercle,</span> 
     </span>
     <span class='ocr_line' id='line_1_18' title="bbox 207 2280 1378 2361; baseline -0.002 -17"><span class='ocrx_word' id='word_1_138' title='bbox 207 2282 328 2344; x_wconf 92' lang='lat' dir='ltr'>vidisse</span> <span class='ocrx_word' id='word_1_139' title='bbox 359 2282 524 2361; x_wconf 92' lang='lat' dir='ltr'>putandus</span> <span class='ocrx_word' id='word_1_140' title='bbox 552 2290 603 2342; x_wconf 93' lang='lat' dir='ltr'>est</span> <span class='ocrx_word' id='word_1_141' title='bbox 634 2280 824 2355; x_wconf 85' lang='lat' dir='ltr'>Bechertus‚</span> <span class='ocrx_word' id='word_1_142' title='bbox 856 2300 931 2342; x_wconf 91' lang='lat' dir='ltr'>cum</span> <span class='ocrx_word' id='word_1_143' title='bbox 957 2282 1215 2343; x_wconf 81' lang='lat' dir='ltr'>Astronomicon</span> <span class='ocrx_word' id='word_1_144' title='bbox 1245 2293 1378 2361; x_wconf 89' lang='lat' dir='ltr'>poetam</span> 
     </span>
     <span class='ocr_line' id='line_1_19' title="bbox 207 2386 1378 2467; baseline -0.002 -16"><span class='ocrx_word' id='word_1_145' title='bbox 207 2389 374 2451; x_wconf 91' lang='lat' dir='ltr'>hominem</span> <span class='ocrx_word' id='word_1_146' title='bbox 397 2386 497 2450; x_wconf 87' lang='lat' dir='ltr'>fuisse</span> <span class='ocrx_word' id='word_1_147' title='bbox 521 2387 708 2449; x_wconf 91' lang='lat' dir='ltr'>Romanum</span> <span class='ocrx_word' id='word_1_148' title='bbox 737 2386 955 2467; x_wconf 84' lang='lat' dir='ltr'>proclamaret</span> <span class='ocrx_word' id='word_1_149' title='bbox 979 2407 1057 2449; x_wconf 92' lang='lat' dir='ltr'>vero</span> <span class='ocrx_word' id='word_1_150' title='bbox 1082 2388 1215 2467; x_wconf 91' lang='lat' dir='ltr'>quidem</span> <span class='ocrx_word' id='word_1_151' title='bbox 1245 2391 1378 2450; x_wconf 92' lang='lat' dir='ltr'>nomine</span> 
     </span>
     <span class='ocr_line' id='line_1_20' title="bbox 206 2495 1378 2575; baseline 0 -18"><span class='ocrx_word' id='word_1_152' title='bbox 206 2495 249 2562; x_wconf 89' lang='lat' dir='ltr'>M.</span> <span class='ocrx_word' id='word_1_153' title='bbox 266 2495 434 2557; x_wconf 89' lang='lat' dir='ltr'>Manilium</span> <span class='ocrx_word' id='word_1_154' title='bbox 455 2495 590 2569; x_wconf 87' lang='lat' dir='ltr'>dictum,</span> <span class='ocrx_word' id='word_1_155' title='bbox 612 2496 667 2575; x_wconf 91' lang='lat' dir='ltr'>qui</span> <span class='ocrx_word' id='word_1_156' title='bbox 688 2514 820 2556; x_wconf 91' lang='lat' dir='ltr'>carmen</span> <span class='ocrx_word' id='word_1_157' title='bbox 837 2514 943 2572; x_wconf 78' lang='lat' dir='ltr'>suum,</span> <span class='ocrx_word' id='word_1_158' title='bbox 962 2495 1052 2575; x_wconf 94' lang='lat' dir='ltr'>quod</span> <span class='ocrx_word' id='word_1_159' title='bbox 1076 2496 1208 2575; x_wconf 93' lang='lat' dir='ltr'>quidem</span> <span class='ocrx_word' id='word_1_160' title='bbox 1228 2497 1378 2557; x_wconf 90' lang='lat' dir='ltr'>manibus</span> 
     </span>
     <span class='ocr_line' id='line_1_21' title="bbox 206 2601 1379 2683; baseline -0.001 -19"><span class='ocrx_word' id='word_1_161' title='bbox 206 2612 405 2676; x_wconf 87' lang='lat' dir='ltr'>teneremus,</span> <span class='ocrx_word' id='word_1_162' title='bbox 422 2603 483 2664; x_wconf 94' lang='lat' dir='ltr'>sub</span> <span class='ocrx_word' id='word_1_163' title='bbox 500 2601 652 2683; x_wconf 82' lang='lat' dir='ltr'>Augusto</span> <span class='ocrx_word' id='word_1_164' title='bbox 673 2613 749 2681; x_wconf 90' lang='lat' dir='ltr'>post</span> <span class='ocrx_word' id='word_1_165' title='bbox 769 2601 896 2663; x_wconf 88' lang='lat' dir='ltr'>cladem</span> <span class='ocrx_word' id='word_1_166' title='bbox 907 2601 1083 2663; x_wconf 86' lang='lat' dir='ltr'>Varianam</span> <span class='ocrx_word' id='word_1_167' title='bbox 1106 2613 1139 2662; x_wconf 91' lang='lat' dir='ltr'>et</span> <span class='ocrx_word' id='word_1_168' title='bbox 1159 2603 1379 2665; x_wconf 87' lang='lat' dir='ltr'>incohavisset</span> 
     </span>
     <span class='ocr_line' id='line_1_22' title="bbox 206 2705 752 2792; baseline -0.002 -21"><span class='ocrx_word' id='word_1_169' title='bbox 206 2719 240 2771; x_wconf 92' lang='lat' dir='ltr'>et</span> <span class='ocrx_word' id='word_1_170' title='bbox 263 2709 456 2788; x_wconf 83' lang='lat' dir='ltr'>perfecisset</span> <span class='ocrx_word' id='word_1_171' title='bbox 479 2705 576 2792; x_wconf 88' lang='lat'>(1891</span> <span class='ocrx_word' id='word_1_172' title='bbox 605 2729 635 2788; x_wconf 90' lang='lat' dir='ltr'>p.</span> <span class='ocrx_word' id='word_1_173' title='bbox 656 2705 752 2791; x_wconf 76' lang='lat'>20).4⁷</span> 
     </span>
    </p>
   </div>
   <div class='ocr_carea' id='block_1_5' title="bbox 695 3028 890 3110">
    <p class='ocr_par' dir='ltr' id='par_1_5' title="bbox 695 3028 890 3110">
     <span class='ocr_line' id='line_1_23' title="bbox 695 3028 890 3110; baseline 0.015 -19"><span class='ocrx_word' id='word_1_174' title='bbox 695 3028 807 3110; x_wconf 90' lang='lat'>1778</span> <span class='ocrx_word' id='word_1_175' title='bbox 833 3046 890 3110; x_wconf 88' lang='lat' dir='ltr'>sq.</span> 
     </span>
    </p>
   </div>
   <div class='ocr_carea' id='block_1_6' title="bbox 657 3189 926 3269">
    <p class='ocr_par' dir='ltr' id='par_1_6' title="bbox 657 3189 926 3269">
     <span class='ocr_line' id='line_1_24' title="bbox 657 3189 926 3269; baseline 0.004 -19"><span class='ocrx_word' id='word_1_176' title='bbox 657 3189 793 3251; x_wconf 87' lang='lat' dir='ltr'>Horatia</span> <span class='ocrx_word' id='word_1_177' title='bbox 818 3190 926 3269; x_wconf 92' lang='lat' dir='ltr'>proles</span> 
     </span>
    </p>
   </div>
   <div class='ocr_carea' id='block_1_7' title="bbox 367 3295 1260 3465">
    <p class='ocr_par' dir='ltr' id='par_1_7' title="bbox 367 3295 1260 3465">
     <span class='ocr_line' id='line_1_25' title="bbox 367 3295 1260 3376; baseline 0 -18"><span class='ocrx_word' id='word_1_178' title='bbox 367 3296 455 3358; x_wconf 85' lang='lat' dir='ltr'>Tota</span> <span class='ocrx_word' id='word_1_179' title='bbox 478 3298 565 3358; x_wconf 92' lang='lat' dir='ltr'>acies</span> <span class='ocrx_word' id='word_1_180' title='bbox 590 3307 703 3376; x_wconf 87' lang='lat' dir='ltr'>partus</span> <span class='ocrx_word' id='word_1_181' title='bbox 727 3317 789 3358; x_wconf 87' lang='lat' dir='ltr'>nec</span> <span class='ocrx_word' id='word_1_182' title='bbox 813 3317 879 3359; x_wconf 92' lang='lat' dir='ltr'>non</span> <span class='ocrx_word' id='word_1_183' title='bbox 905 3307 938 3359; x_wconf 90' lang='lat' dir='ltr'>et</span> <span class='ocrx_word' id='word_1_184' title='bbox 962 3295 1120 3361; x_wconf 88' lang='lat' dir='ltr'>Scaevola</span> <span class='ocrx_word' id='word_1_185' title='bbox 1144 3307 1260 3358; x_wconf 87' lang='lat' dir='ltr'>trunco</span> 
     </span>
     <span class='ocr_line' id='line_1_26' title="bbox 368 3402 526 3465; baseline 0.013 -2"><span class='ocrx_word' id='word_1_186' title='bbox 368 3402 526 3465; x_wconf 92' lang='lat' dir='ltr'>Nobilior.</span> 
     </span>
    </p>
   </div>
   <div class='ocr_carea' id='block_1_8' title="bbox 207 3545 1382 4266">
    <p class='ocr_par' dir='ltr' id='par_1_8' title="bbox 207 3545 1382 4266">
     <span class='ocr_line' id='line_1_27' title="bbox 296 3545 1380 3627; baseline -0.002 -19"><span class='ocrx_word' id='word_1_187' title='bbox 296 3547 359 3608; x_wconf 93' lang='lat' dir='ltr'>Hic</span> <span class='ocrx_word' id='word_1_188' title='bbox 391 3567 429 3608; x_wconf 93' lang='lat' dir='ltr'>ea</span> <span class='ocrx_word' id='word_1_189' title='bbox 458 3549 571 3622; x_wconf 90' lang='lat' dir='ltr'>verba,</span> <span class='ocrx_word' id='word_1_190' title='bbox 609 3566 693 3627; x_wconf 92' lang='lat' dir='ltr'>quae</span> <span class='ocrx_word' id='word_1_191' title='bbox 723 3565 791 3608; x_wconf 93' lang='lat' dir='ltr'>non</span> <span class='ocrx_word' id='word_1_192' title='bbox 822 3547 965 3609; x_wconf 91' lang='lat' dir='ltr'>discordi</span> <span class='ocrx_word' id='word_1_193' title='bbox 996 3546 1152 3608; x_wconf 91' lang='lat' dir='ltr'>librorum</span> <span class='ocrx_word' id='word_1_194' title='bbox 1182 3545 1380 3606; x_wconf 89' lang='lat' dir='ltr'>concordiae</span> 
     </span>
     <span class='ocr_line' id='line_1_28' title="bbox 209 3649 1379 3734; baseline -0.002 -20"><span class='ocrx_word' id='word_1_195' title='bbox 209 3654 379 3730; x_wconf 87' lang='lat' dir='ltr'>debemus,</span> <span class='ocrx_word' id='word_1_196' title='bbox 410 3674 486 3716; x_wconf 88' lang='lat' dir='ltr'>vere</span> <span class='ocrx_word' id='word_1_197' title='bbox 510 3653 686 3715; x_wconf 90' lang='lat' dir='ltr'>Maniliana</span> <span class='ocrx_word' id='word_1_198' title='bbox 714 3673 789 3714; x_wconf 92' lang='lat' dir='ltr'>esse</span> <span class='ocrx_word' id='word_1_199' title='bbox 812 3656 876 3714; x_wconf 95' lang='lat' dir='ltr'>iam</span> <span class='ocrx_word' id='word_1_200' title='bbox 908 3656 940 3714; x_wconf 94' lang='lat' dir='ltr'>in</span> <span class='ocrx_word' id='word_1_201' title='bbox 972 3652 1080 3714; x_wconf 93' lang='lat' dir='ltr'>libello</span> <span class='ocrx_word' id='word_1_202' title='bbox 1105 3653 1220 3731; x_wconf 88' lang='lat' dir='ltr'>scripsi</span> <span class='ocrx_word' id='word_1_203' title='bbox 1244 3649 1290 3734; x_wconf 88' lang='lat' dir='ltr'>(p.</span> <span class='ocrx_word' id='word_1_204' title='bbox 1314 3654 1379 3729; x_wconf 81' lang='lat'>23),</span> 
     </span>
     <span class='ocr_line' id='line_1_29' title="bbox 209 3760 1379 3840; baseline -0.003 -19"><span class='ocrx_word' id='word_1_205' title='bbox 209 3778 309 3839; x_wconf 92' lang='lat' dir='ltr'>quem</span> <span class='ocrx_word' id='word_1_206' title='bbox 338 3761 379 3823; x_wconf 93' lang='lat' dir='ltr'>de</span> <span class='ocrx_word' id='word_1_207' title='bbox 403 3760 646 3824; x_wconf 91' lang='lat' dir='ltr'>Astronomicis</span> <span class='ocrx_word' id='word_1_208' title='bbox 675 3781 702 3825; x_wconf 94' lang='lat' dir='ltr'>a.</span> <span class='ocrx_word' id='word_1_209' title='bbox 735 3775 817 3837; x_wconf 85' lang='lat'>1904</span> <span class='ocrx_word' id='word_1_210' title='bbox 846 3760 951 3835; x_wconf 86' lang='lat' dir='ltr'>edidi;</span> <span class='ocrx_word' id='word_1_211' title='bbox 986 3779 1070 3840; x_wconf 91' lang='lat' dir='ltr'>quae</span> <span class='ocrx_word' id='word_1_212' title='bbox 1104 3760 1259 3839; x_wconf 91' lang='lat' dir='ltr'>quoniam</span> <span class='ocrx_word' id='word_1_213' title='bbox 1292 3777 1379 3819; x_wconf 92' lang='lat' dir='ltr'>nunc</span> 
     </span>
     <span class='ocr_line' id='line_1_30' title="bbox 207 3864 1380 3949; baseline 0 -24"><span class='ocrx_word' id='word_1_214' title='bbox 207 3865 351 3928; x_wconf 91' lang='lat' dir='ltr'>Prinzius</span> <span class='ocrx_word' id='word_1_215' title='bbox 381 3865 426 3947; x_wconf 89' lang='lat' dir='ltr'>(p.</span> <span class='ocrx_word' id='word_1_216' title='bbox 457 3865 531 3949; x_wconf 86' lang='lat'><em>121)</em></span> <span class='ocrx_word' id='word_1_217' title='bbox 560 3868 675 3928; x_wconf 87' lang='lat' dir='ltr'>lortius</span> <span class='ocrx_word' id='word_1_218' title='bbox 707 3867 870 3941; x_wconf 86' lang='lat' dir='ltr'>defendit,</span> <span class='ocrx_word' id='word_1_219' title='bbox 902 3884 965 3948; x_wconf 85' lang='lat' dir='ltr'>ego</span> <span class='ocrx_word' id='word_1_220' title='bbox 997 3865 1089 3946; x_wconf 89' lang='lat' dir='ltr'>plura</span> <span class='ocrx_word' id='word_1_221' title='bbox 1119 3867 1161 3928; x_wconf 94' lang='lat' dir='ltr'>de</span> <span class='ocrx_word' id='word_1_222' title='bbox 1190 3866 1227 3926; x_wconf 92' lang='lat' dir='ltr'>iis</span> <span class='ocrx_word' id='word_1_223' title='bbox 1258 3864 1380 3926; x_wconf 89' lang='lat' dir='ltr'>addere</span> 
     </span>
     <span class='ocr_line' id='line_1_31' title="bbox 207 3972 1381 4053; baseline 0 -21"><span class='ocrx_word' id='word_1_224' title='bbox 207 3974 420 4052; x_wconf 88' lang='lat' dir='ltr'>supersedeo.</span> <span class='ocrx_word' id='word_1_225' title='bbox 454 3973 528 4035; x_wconf 94' lang='lat' dir='ltr'>Hoc</span> <span class='ocrx_word' id='word_1_226' title='bbox 545 3982 656 4035; x_wconf 88' lang='lat' dir='ltr'>tamen</span> <span class='ocrx_word' id='word_1_227' title='bbox 673 3975 833 4034; x_wconf 91' lang='lat' dir='ltr'>monitum</span> <span class='ocrx_word' id='word_1_228' title='bbox 853 3972 949 4034; x_wconf 88' lang='lat' dir='ltr'>velim</span> <span class='ocrx_word' id='word_1_229' title='bbox 973 3974 1017 4034; x_wconf 95' lang='lat' dir='ltr'>ob</span> <span class='ocrx_word' id='word_1_230' title='bbox 1041 3975 1073 4035; x_wconf 94' lang='lat' dir='ltr'>id</span> <span class='ocrx_word' id='word_1_231' title='bbox 1090 3975 1197 4053; x_wconf 91' lang='lat' dir='ltr'>ipsum</span> <span class='ocrx_word' id='word_1_232' title='bbox 1215 3974 1282 4033; x_wconf 90' lang='lat' dir='ltr'>veri</span> <span class='ocrx_word' id='word_1_233' title='bbox 1306 3991 1381 4034; x_wconf 90' lang='lat' dir='ltr'>esse</span> 
     </span>
     <span class='ocr_line' id='line_1_32' title="bbox 208 4078 1382 4160; baseline 0 -21"><span class='ocrx_word' id='word_1_234' title='bbox 208 4078 399 4142; x_wconf 92' lang='lat' dir='ltr'>dissimilem</span> <span class='ocrx_word' id='word_1_235' title='bbox 435 4080 618 4142; x_wconf 89' lang='lat' dir='ltr'>Housmani</span> <span class='ocrx_word' id='word_1_236' title='bbox 648 4082 889 4153; x_wconf 89' lang='lat' dir='ltr'>coniecturam,</span> <span class='ocrx_word' id='word_1_237' title='bbox 921 4080 1012 4160; x_wconf 92' lang='lat' dir='ltr'>quod</span> <span class='ocrx_word' id='word_1_238' title='bbox 1045 4081 1076 4141; x_wconf 93' lang='lat' dir='ltr'>in</span> <span class='ocrx_word' id='word_1_239' title='bbox 1107 4098 1173 4141; x_wconf 94' lang='lat' dir='ltr'>uno</span> <span class='ocrx_word' id='word_1_240' title='bbox 1202 4098 1298 4140; x_wconf 91' lang='lat' dir='ltr'>versu</span> <span class='ocrx_word' id='word_1_241' title='bbox 1331 4089 1382 4139; x_wconf 87' lang='lat' dir='ltr'>ter</span> 
     </span>
     <span class='ocr_line' id='line_1_33' title="bbox 210 4188 753 4266; baseline 0.007 -20"><span class='ocrx_word' id='word_1_242' title='bbox 210 4188 348 4249; x_wconf 89' lang='lat' dir='ltr'>mutavit</span> <span class='ocrx_word' id='word_1_243' title='bbox 373 4188 525 4249; x_wconf 92' lang='lat' dir='ltr'>codicum</span> <span class='ocrx_word' id='word_1_244' title='bbox 549 4189 753 4266; x_wconf 87' lang='lat' dir='ltr'>scripturam.</span> 
     </span>
    </p>
   </div>
   <div class='ocr_carea' id='block_1_9' title="bbox 1276 4332 1303 4373">
    <p class='ocr_par' dir='ltr' id='par_1_9' title="bbox 1276 4332 1303 4373">
     <span class='ocr_line' id='line_1_34' title="bbox 1276 4332 1303 4373; baseline 0 -16"><span class='ocrx_word' id='word_1_245' title='bbox 1276 4332 1303 4373; x_wconf 58' lang='lat'>2*</span> 
     </span>
    </p>
   </div>
   <div class='ocr_carea' id='block_1_10' title="bbox 0 0 1594 5048">
    <p class='ocr_par' dir='ltr' id='par_1_10' title="bbox 0 0 1594 5048">
     <span class='ocr_line' id='line_1_35' title="bbox 0 0 1594 5048; baseline 0 0"><span class='ocrx_word' id='word_1_246' title='bbox 0 0 1594 5048; x_wconf 95' lang='lat' dir='ltr'> </span> 
     </span>
    </p>
   </div>
  </div>
 </body>
</html>
