3166 5048
678 365 897 426 ,44-

206 564 342 616 Sudhaus
360 565 428 630 (two
455 561 489 615 ol
512 559 562 614 th'e
582 561 702 614 editor's
727 561 891 632 hugberto,
918 577 962 615 we
982 562 1038 614 will
1058 579 1108 634 say
1126 563 1189 617 that
1208 563 1259 618 Mr.
1278 565 1375 618 Hous-

203 653 295 706 man’s
315 651 415 705 attack
428 667 472 704 ‘on
492 666 578 720 many
597 666 736 720 passages
755 666 850 704 seems
869 657 900 703 to
921 650 1024 703 1811.-
1039 651 1126 723 Many
1144 651 1179 705 of
1194 653 1238 707 his
1257 669 1374 707 correc-

202 743 281 795 tions
300 741 412 794 exhibit
431 740 562 810 startling
582 740 725 809 audacity.

293 848 318 878 44
337 846 572 900 Wochenschrist
592 847 610 898 l.
624 846 709 898 klass.
723 846 791 898 Phil.
815 862 879 915 ¹905
900 846 952 899 No
967 863 1009 912 29.

293 953 317 985 44
337 953 577 1021 Supplementum
597 952 805 1020 disquisitionis
825 953 861 1005 de
882 953 1009 1006 carmine
1028 954 1056 1006 ln
1071 953 1101 1008 C.
1113 953 1174 1009 Silii
1186 954 1277 1007 Italici
1289 955 1374 1008 Puni-

202 1059 305 1097 corum
325 1045 341 1096 l.
355 1043 373 1096 I.
386 1042 467 1094 XVII
484 1043 621 1103 editione,
642 1042 849 1094 commentario
869 1049 1013 1108 perpetuo
1032 1041 1176 1099 illustrato
1196 1043 1232 1097 ab
1252 1044 1292 1097 Io.
1306 1043 1373 1098 Chr.

204 1132 351 1200 Theophr.
366 1132 489 1194 Ernesti,
509 1132 565 1184 vol.
580 1131 613 1184 II.
633 1131 710 1198 Lips
731 1144 794 1195 1792
816 1147 843 1198 p.
857 1131 903 1183 VI.

292 1257 316 1289 44
341 1256 431 1310 Simili
457 1257 569 1309 ratIone
596 1255 770 1309 aLucretio
796 1270 914 1308 carmen
941 1254 1104 1322 perlectum
1131 1271 1196 1309 esse
1222 1264 1305 1310 erant
1324 1257 1375 1325 qui

203 1353 344 1417 negarent
353 1364 360 1413 ;
380 1346 415 1398 cl.
430 1345 464 1399 G.
477 1361 533 1398 van
547 1345 599 1397 der
611 1344 686 1397 Valk
706 1345 743 1396 de
756 1344 933 1398 Lucretiano
947 1344 1075 1401 carmine
1094 1360 1111 1398 a
1130 1352 1220 1412 poeta
1238 1345 1373 1413 perlecto

203 1443 292 1503 atque
312 1434 462 1488 absoluto:
483 1433 600 1500 Campis
623 1450 686 1499 1902
707 1433 802 1499 (Arch.
823 1432 841 1485 l.
859 1432 961 1487 Lexik.
980 1441 999 1485 t.
1013 1432 1092 1495 XIII,
1108 1449 1165 1495 142.
1202 1434 1247 1486 De
1267 1434 1375 1488 Manilii

202 1523 320 1593 ingenio
340 1525 375 1578 cf.
389 1523 554 1576 Zeitschrilt
568 1521 585 1575 f.
599 1522 901 1593 Volkerpsychologie
920 1525 987 1587 1878
1005 1529 1025 1575 t.
1043 1539 1074 1575 10
1093 1538 1120 1589 p.
1134 1538 1201 1589 443;
1222 1523 1274 1575 Ed.
1288 1522 1375 1576 Sher-

203 1612 322 1678 burnus,
342 1613 391 1681 qui
411 1613 533 1679 primum
553 1612 660 1664 Manilii
679 1611 782 1664 librum
802 1610 923 1681 Anglice
942 1611 1029 1665 vertit
1048 1612 1317 1680 commentatioque
1333 1613 1375 1664 in-

202 1701 310 1753 struxit
333 1702 520 1767 doctissimo;
544 1700 581 1753 cl.
603 1701 710 1769 Jaques
731 1699 807 1768 (sici)
830 1698 969 1770 George
987 1700 1024 1753 de
1044 1699 1213 1767 Chauflepie
1233 1700 1374 1754 Nouveau

203 1789 402 1843 Dictionnaire
421 1791 582 1857 historique
602 1797 631 1841 et
648 1789 771 1857 critique
790 1796 809 1840 t.
823 1788 878 1851 1v‚
898 1789 1107 1843 Amstelodami
1125 1796 1180 1842 etc.
1201 1794 1267 1856 1756
1281 1805 1308 1857 p.
1322 1793 1375 1854 296

204 1885 234 1931 et
246 1894 314 1945 2973
333 1878 456 1950 Lessing
475 1880 520 1932 ed.
536 1879 654 1932 Lachm.
678 1881 752 1943 1839,
769 1886 789 1931 t.
803 1878 852 1940 IX,
867 1893 894 1945 p.
906 1893 965 1942 423.

292 2002 316 2034 ⁴⁸
336 2004 464 2057 victor
490 2003 746 2056 Hasdrubalis
774 2003 889 2055 Buschii
915 2009 1075 2073 argument.
1102 2002 1174 2056 inC
1202 2003 1262 2056 Silii
1281 2001 1375 2056 Italici

203 2091 300 2145 Punic.
315 2093 331 2144 l.
345 2092 434 2156 XVII,
455 2093 522 2146 edit.
538 2093 651 2160 Bipont.
669 2095 737 2158 1784
757 2108 784 2159 p.
799 2092 917 2145 XXVII.

292 2198 317 2230 44
341 2199 400 2253 Suo
428 2201 490 2253 iure
509 2200 645 2270 Madvigii
668 2200 867 2253 coniecturam
889 2200 1048 2252 ‹articulis›
1071 2200 1247 2268 (adversaria
1266 2200 1328 2252 crit.
1348 2199 1373 2251 II

207 2287 265 2355 128)
283 2289 398 2341 videtur
417 2290 553 2342 reiecisse
573 2290 601 2341 in
621 2289 692 2343 Mus.
706 2289 797 2345 Rhen.
809 2296 829 2343 t.
847 2306 877 2351 4¹
901 2305 928 2356 p.
943 2305 993 2357 457
1014 2289 1217 2343 Buechelerus.

299 2411 322 2444 44
341 2414 434 2466 Huius
452 2414 515 2466 libri
533 2420 652 2480 praesto
670 2414 738 2466 mihi
751 2422 797 2467 est
814 2414 903 2466 editio
917 2431 934 2466 a
945 2414 1013 2466 Vito
1028 2414 1120 2466 Loers
1134 2415 1242 2480 parata,
1256 2413 1375 2479 Lipsiae

208 2504 289 2568 18433
310 2509 364 2555 cet.
380 2501 463 2556 Ovid.
478 2503 539 2555 libr.
554 2503 652 2565 editio,
672 2519 758 2571 quam
778 2503 848 2556 fecit
867 2503 1030 2556 Merkelius.

292 2607 316 2640 44
336 2610 367 2661 In
387 2610 473 2680 Verg.
491 2610 571 2663 verb.
590 2611 637 2662 cit.
655 2626 764 2678 sequor
783 2609 834 2663 Ch.
850 2611 990 2680 Ladewig
1009 2617 1038 2663 et
1057 2609 1088 2663 C.
1107 2609 1239 2676 Schaper
1257 2608 1373 2678 Vergils

205 2695 349 2750 Gedichte
370 2699 426 2765 (ed.
440 2698 508 2752 Paul
523 2697 678 2763 Deuticke)
698 2699 790 2752 Berol.
808 2715 882 2763 1902.

294 2803 363 2856 4411.
383 2804 399 2857 l.
424 2813 492 2872 apte
511 2806 617 2873 repetit
637 2805 706 2858 illud
726 2820 852 2872 corpora
871 2823 896 2860 v.
913 2819 958 2872 55,
979 2812 1067 2873 atque
1085 2806 1125 2858 ita
1145 2821 1292 2858 consensu
1312 2805 1376 2858 libri

204 2899 320 2945 veteres
340 2908 449 2946 omnes.
488 2893 665 2948 Coniectura
684 2900 781 2947 autem
801 2901 846 2947 est
866 2901 1027 2961 pectora
1045 2894 1165 2961 (Loers).

294 2997 319 3030 44
342 2999 405 3052 Alia
432 3002 567 3068 exempla
593 3001 718 3053 collecta
737 3009 804 3053 sunt
830 3017 846 3053 a
869 3000 1012 3053 Becherto
1039 3002 1054 3053 l.
1075 3001 1100 3063 l.,
1121 3002 1169 3068 qui
1189 3001 1264 3053 illam
1285 2999 1376 3053 offen·

205 3088 330 3151 sionem,
360 3104 446 3156 quam
476 3090 622 3142 Bentleius
651 3090 679 3142 in
708 3089 851 3143 vocabulo
879 3091 1006 3157 quodam
1035 3090 1118 3158 (ipse)
1147 3098 1192 3142 ter
1220 3090 1318 3156 posito
1347 3090 1376 3141 in

204 3177 286 3229 initio
306 3178 390 3244 primi
411 3178 474 3231 libri
495 3186 657 3241 notaverat,
677 3195 779 3232 revera
800 3194 865 3232 esse
885 3179 991 3232 nullam
1011 3196 1065 3232 usu
1086 3178 1249 3231 certissimo
1270 3177 1377 3230 Manilii

207 3265 342 3318 evicerat.

296 3371 319 3403 44
340 3373 453 3425 Loersii
473 3373 564 3440 prael.
585 3375 621 3427 ad
641 3373 726 3427 Ovid.
739 3374 806 3427 Met.
822 3391 849 3442 p.
863 3374 910 3436 VI,
924 3374 989 3426 XX.

295 3477 318 3510 44
339 3479 413 3532 Rob.
431 3479 528 3532 Fuchs
547 3497 581 3532 zu
602 3480 729 3533 Serenus
749 3481 951 3535 Sammonicus
970 3481 1056 3534 Arch.
1077 3481 1094 3532 l.
1108 3481 1180 3533 Lex.
1205 3497 1280 3546 1900,
1300 3487 1319 3532 t.
1334 3479 1376 3532 XI

208 3582 235 3634 p.
250 3571 292 3633 46,
308 3581 350 3634 52,
365 3571 426 3631 208,
441 3586 507 3636 2103
527 3568 614 3621 Barth
634 3570 746 3622 advers.
762 3570 799 3622 III
815 3588 861 3638 105
880 3570 1093 3624 Drakenborch
1113 3569 1161 3622 Sil.
1175 3569 1237 3622 Ital.
1249 3568 1377 3622 Traiecti

204 3655 242 3708 ad
262 3655 315 3707 Rh.
339 3671 413 3722 1717,
434 3658 471 3710 ad
490 3658 544 3719 XI,
568 3675 633 3725 1333
661 3659 693 3711 L.
714 3677 739 3711 v.
760 3659 845 3729 Sybel
872 3661 909 3714 de
929 3658 1152 3728 repetitIonibus
1172 3658 1327 3712 verborum
1347 3658 1377 3711 in

206 3743 262 3797 fab.
281 3744 380 3812 Eurip.
400 3745 518 3799 Bonnae
542 3751 623 3814 1868;
643 3748 735 3800 Lehrs
755 3749 841 3801 Arist.
856 3765 883 3817 p.
898 3764 950 3815 477
970 3749 1019 3816 (de
1032 3763 1093 3816 rep.
1105 3747 1184 3801 verb.
1199 3748 1276 3815 apud
1290 3748 1376 3800 Hom.

204 3840 235 3886 et
254 3833 341 3900 allos3
367 3834 506 3887 Albrecht
530 3837 720 3889 wiederholte
738 3836 830 3890 Verse
855 3846 909 3891 etc.
930 3839 977 3891 bei
990 3837 1101 3908 Vergil,
1122 3837 1248 3890 Hermae
1266 3843 1287 3888 t.
1300 3835 1377 3900 XVI,

206 3938 233 3990 p.
248 3938 314 3989 3935
333 3922 473 3976 Wolfflin.
487 3924 585 3978 Philol.
604 3928 678 3992 1867,
692 3933 712 3978 t.
724 3927 821 3979 XXVI
835 3943 862 3994 p.
876 3943 922 3980 122
932 3943 988 3995 sq.;
1010 3927 1046 3979 H.
1059 3926 1192 3979 Schmidt
1205 3925 1265 3979 Der
1274 3925 1377 3978 Prosa-

204 4011 251 4063 stil
270 4010 386 4065 Samuel
399 4013 554 4081 Johnson’s
573 4015 709 4070 Francos.
727 4031 800 4084 1905,
816 4031 842 4083 p.
859 4031 894 4077 40
902 4032 944 4085 sq.
973 4017 1006 4068 A.
1022 4016 1198 4085 Lueneburg
1218 4015 1255 4068 de
1269 4013 1376 4068 Ovidio

206 4098 250 4151 sui
269 4099 423 4163 imitatore,
443 4101 503 4169 Jen.
528 4105 593 4155 1888
613 4103 697 4167 (Berl.
719 4103 786 4171 phil.
808 4103 910 4156 Woch.
935 4106 1002 4169 1889
1023 4104 1075 4157 Nu.
1097 4108 1154 4171 25l3
1180 4104 1213 4156 R.
1233 4104 1376 4155 Ammann

205 4188 243 4240 de
263 4187 392 4256 Corippo
421 4191 508 4257 prior.
535 4199 614 4258 poet.
634 4193 698 4245 Lat.
718 4193 875 4254 imitatore,
898 4191 1023 4246 Oldenb.
1047 4196 1128 4262 18853
1157 4193 1259 4246 Koene
1281 4191 1376 4246 subd.
