3166 5048
688 418 887 480 ..6-

291 625 360 690 Sed
390 630 579 709 priusquam
610 633 652 694 de
683 632 720 693 iis
752 631 833 694 locis
858 651 968 714 agam,
1002 651 1086 712 quos
1110 633 1153 694 ab
1177 632 1374 695 Housmano

202 744 377 814 corruptos
409 755 483 797 esse
514 738 593 799 mihi
622 740 784 819 persuasi,
815 739 856 801 de
881 760 911 803 v.
936 738 978 817 17
1003 739 1116 817 paucis
1141 741 1306 815 tractab0‚
1332 739 1374 802 de

202 860 271 921 quo
294 840 593 924 Kleinguentherus
619 849 844 908 coniecturam
870 845 1020 925 protulit,
1047 864 1146 927 quam
1172 847 1375 909 emendatio-

202 967 280 1009 nem
304 968 377 1009 esse
401 969 570 1030 negamus.
590 991 631 1002 -
690 938 694 944 ’

354 1073 389 1134 ln
414 1073 655 1138 Astronomicis
679 1076 767 1138 enim
791 1077 837 1138 sic
863 1085 998 1138 exstant
1030 1098 1081 1140 vv.
1105 1076 1118 1138 l
1131 1090 1223 1159 7sq.:

248 1197 365 1260 Hunc
390 1199 487 1260 mihi
511 1209 571 1276 tu,
596 1199 727 1277 Caesar,
753 1202 878 1280 patriae
902 1203 1122 1282 princepsque
1149 1213 1320 1283 paterque,
1398 1235 1402 1241 ·

247 1303 312 1384 Qui
337 1306 421 1387 regis
446 1307 593 1388 augustis
619 1318 789 1386 parentem
814 1307 940 1388 legibus
966 1309 1081 1370 orbem

248 1410 519 1494 Concessumque
544 1415 628 1494 patri
652 1415 814 1477 mundum
838 1415 920 1477 deus
945 1415 1017 1494 ipse
1042 1416 1187 1492 mereris,

248 1518 329 1580 Das
353 1517 563 1596 animum⁸,
589 1522 787 1602 viresque
811 1521 917 1582 sacis
942 1521 992 1582 ad
1015 1531 1133 1584 tanta
1157 1523 1351 1586 canenda.

203 1643 303 1707 Haud
319 1645 363 1706 ita
379 1647 492 1725 paucis
509 1645 633 1708 Manilii
650 1647 885 1726 interpretibus
902 1664 971 1708 non
987 1644 1150 1726 placuisse
1167 1665 1299 1709 versum
1316 1661 1375 1724 10.‚

204 1761 321 1830 utpote
351 1752 408 1832 qui
439 1754 573 1814 brevem
605 1751 764 1832 syllabam
793 1754 857 1814 «is»
885 1754 976 1815 verbi
1005 1751 1121 1814 ‹facis›
1149 1772 1217 1816 non
1240 1753 1376 1815 haberet

203 1858 369 1938 positione
420 1859 617 1939 productam
665 1860 875 1922 notissimum
924 1869 983 1923 est.
1039 1857 1179 1922 Gaudeo
1229 1860 1376 1931 maximo

204 1984 319 2045 opere,
351 1966 441 2046 quod
465 1965 694 2042 Housmanus‚
725 1986 839 2046 quem,
865 1985 940 2028 cum
965 1965 1315 2049 essetaptuarbtutoc,
1340 1976 1376 2031 ut

202 2070 331 2134 Graeco
364 2073 498 2134 nomine
530 2083 616 2150 utar,
649 2093 716 2155 quo
740 2072 901 2135 Krollium
931 2072 1026 2152 (Mus.
1050 2072 1152 2140 Rhen.
1175 2090 1220 2151 44
1245 2094 1276 2153 p.
1300 2073 1375 2164 559)

202 2180 272 2240 eius
303 2198 442 2240 acumen
471 2199 538 2241 non
563 2179 646 2242 male
671 2181 852 2262 signavisse
878 2180 1057 2256 concedes,
1082 2181 1315 2260 pessumdare,
1340 2192 1376 2243 ut

202 2282 435 2361 ait·Birtius⁹,
468 2297 501 2347 et
533 2287 780 2349 undevicesimo
812 2297 846 2349 et
877 2283 1072 2349 vicesim0¹⁰
1102 2299 1179 2365 post
1210 2286 1376 2351 Christum

204 2402 317 2453 natum
341 2392 472 2454 saeculo
497 2393 577 2454 vidit
602 2392 701 2456 Orbis
721 2392 907 2468 Terrarum,
929 2392 1143 2469 Graecanico,
1169 2394 1260 2474 quod
1280 2414 1375 2457 voca·

203 2500 260 2574 vit,
283 2498 420 2561 artificio
444 2509 579 2579 poetam
603 2519 700 2562 usum
724 2520 797 2562 esse
818 2509 968 2561 statuens
988 2518 1063 2561 eum
1083 2519 1224 2575 versum,
1246 2500 1288 2562 de
1308 2520 1374 2582 quo

202 2607 372 2667 tractaturi
403 2624 531 2682 sumus,
563 2624 630 2668 non
661 2616 784 2682 mutat,
816 2625 891 2668 cum
923 2605 1025 2667 semel
1055 2616 1155 2687 atque
1185 2607 1305 2668 iterum
1334 2608 1376 2669 ad

202 2722 329 2774 tantam
352 2712 524 2774 audaciam
547 2715 703 2795 progredi
727 2732 793 2775 non
818 2714 942 2775 veritus
961 2714 1014 2788 sit,
1038 2714 1182 2794 genuina
1201 2723 1237 2776 ut
1254 2713 1377 2776 Manilii

203 2820 303 2880 verba
326 2820 490 2900 corrigere
509 2820 668 2883 studeret.
699 2819 828 2883 Eodem
848 2819 985 2881 artificio
1002 2819 1199 2899 productam
1217 2820 1376 2899 syllabam

203 2925 303 2987 habet
326 2936 436 3005 poeta,
462 2927 502 2988 de
528 2946 595 3007 quo
619 2928 736 3009 agitur,
761 2929 861 2989 etiam
886 2948 916 2992 v.
935 2925 1032 3004 1876,
1059 2927 1150 2987 cuius
1170 2926 1376 3006 probabilem

204 3032 399 3094 medicinam
440 3053 476 3094 se
515 3035 662 3097 nondum
704 3036 890 3115 repperisse
939 3035 1038 3095 etiam
1076 3032 1378 3116 Kleinguentherus

203 3137 392 3215 confitetur,
425 3142 451 3201 is
483 3141 538 3221 qui
569 3160 643 3202 eum
669 3160 816 3214 versum,
842 3142 884 3203 de
908 3159 975 3220 quo
1000 3140 1205 3202 subdifficilis
1230 3154 1302 3203 orta
1325 3151 1376 3203 est

203 3245 364 3324 quaestio,
389 3245 482 3307 iussit
505 3248 560 3317 sic⁸
576 3249 725 3327 prodire:

293 3350 391 3414 Hunc
417 3403 512 3418 .....

327 3475 395 3538 Das
419 3477 564 3539 animum
588 3480 741 3558 viresque
765 3477 930 3540 habiles
953 3479 996 3540 ad
1020 3487 1111 3540 tanta
1135 3476 1294 3540 canenda.

204 3598 304 3679 Quod
336 3599 399 3662 alio
423 3600 497 3663 loco
521 3602 769 3681 interpretando
794 3599 1013 3682 explanavi¹¹.
1060 3599 1138 3663 Sine
1163 3602 1265 3664 dubio
1290 3601 1376 3663 enim

204 3708 322 3768 erravit
352 3704 666 3789 Kleinguentherus,
698 3728 773 3770 cum
805 3709 929 3771 diceret
959 3708 1158 3771 adiectivum
1189 3707 1313 3770 habiles
1343 3718 1377 3770 et

202 3815 245 3875 ad
265 3815 409 3876 animum
433 3825 467 3876 et
489 3815 532 3876 ad
556 3816 640 3878 vires
664 3832 738 3878 esse
764 3814 973 3877 referendum
997 3813 1042 3900 (p.
1070 3811 1131 3899 16).
1179 3814 1250 3877 Nec
1273 3814 1376 3896 magis

204 3939 317 3982 verum
347 3922 468 3984 vidisse
500 3941 576 3984 eum
600 3943 722 3985 censeo
748 3924 885 3985 verbum
909 3922 1052 3986 faciendi
1076 3922 1279 4001 superfluum
1303 3941 1376 3984 esse

203 4028 379 4093 dicentem.
407 4025 539 4089 Etenim
556 4039 735 4108 postquam
750 4031 783 4090 in
800 4029 902 4090 totius
915 4030 1067 4091 carminis
1081 4030 1174 4091 initio
1190 4025 1254 4112 (vv.
1269 4025 1375 4112 1-7),

204 4153 268 4213 qua
292 4134 333 4195 de
359 4155 392 4195 re
416 4153 512 4216 agere
530 4135 764 4218 aggrederetur
788 4132 831 4218 (v.
848 4132 884 4219 4)
908 4137 1074 4214 exposuit,
1091 4134 1290 4217 Augustum,
1309 4154 1377 4197 car-

204 4241 299 4302 minis
324 4250 499 4320 patronum
510 4238 547 4317 ¹²,
572 4242 619 4302 sic
644 4241 804 4304 allocutus
829 4250 897 4304 est:
