3166 5048
631 356 845 423 „,5-

156 575 287 644 Sprache
307 575 333 628 d.
353 578 423 626 rom.
442 573 560 640 Epiker‚
580 573 703 627 Monast.
727 577 810 640 184o;
830 574 863 626 Α.
877 573 1008 643 Zingerle
1028 573 1104 629 Ovid
1123 577 1183 630 und
1202 593 1223 629 s.
1237 578 1325 630 Verh.

156 683 177 719 a.
196 665 391 734 d.Vorg.etc.
419 662 677 731 lnnsbr.1869sq.;
702 663 808 716 Plaehn
827 664 864 715 de
885 663 1031 717 Nicandro
1057 673 1111 717 etc.
1140 665 1220 719 Halis
1243 671 1325 734 1882;

154 755 182 808 P.
199 753 372 806 Thouvenin
391 751 528 822 Philolog.
548 758 567 803 t.
582 756 631 818 643
658 752 818 805 Paukstadt
842 753 878 804 de
898 752 1028 805 Martiale
1048 753 1152 807 Catulli
1172 755 1327 819 imitatore,

155 843 237 896 Halis
260 845 341 909 1876;
368 841 399 892 E.
413 840 541 911 Wagner
560 841 598 894 de
616 840 698 894 Mart.
720 847 798 908 poet.
820 848 874 894 aet.
896 842 1018 912 Augusti
1038 843 1195 906 imitatore,
1216 844 1326 915 Regim.

159 934 240 999 1880;
260 931 290 983 F.
306 930 336 983 C.
351 930 480 1000 Hultgen
500 930 546 983 die
561 928 694 982 Technik
710 930 737 982 d.
752 934 822 982 rom.
836 929 965 992 Dichter,
978 931 1074 999 Jahrb.
1089 931 1106 985 f.
1121 931 1221 986 Philol.
1236 941 1254 987 t.
1269 948 1327 999 107,

156 1036 183 1088 P·
199 1035 259 1088 754·
960 1071 962 1074 >

245 1125 269 1158 ⁶⁶
288 1125 324 1178 cf.
345 1126 432 1178 etiam
450 1124 601 1178 Wecklein
629 1125 728 1178 Philol.
750 1132 768 1177 t.
792 1125 893 1188 LXIII,
913 1141 940 1193 p.
965 1143 1013 1195 15⁴
1034 1127 1249 1194 (textlrritIsche
1269 1129 1328 1182 Me-

155 1214 256 1282 thode)
279 1231 356 1280 1904.

248 1320 270 1352 ⁶⁷
291 1322 464 1375 Accuratius
483 1321 635 1391 perlegere
655 1336 712 1373 non
732 1321 831 1373 inutile
851 1336 916 1373 esse
936 1336 1052 1384 censeo,
1072 1339 1147 1391 quae
1161 1323 1329 1390 explanavit

158 1409 318 1480 Madvigius
338 1411 366 1462 in
387 1411 532 1464 adversar.
547 1410 637 1462 critic.
657 1410 693 1463 ad
713 1410 804 1476 script
827 1409 929 1463 Graec.
949 1417 978 1462 et
991 1410 1054 1463 Lat.
1076 1411 1130 1463 vol.
1146 1411 1174 1472 l,
1196 1412 1328 1466 Hauniae

161 1502 223 1551 1861
246 1499 307 1561 bI,
327 1514 342 1551 c
366 1517 385 1551 1.
416 1498 539 1567 (Causae
564 1507 594 1552 et
616 1515 724 1570 genera
751 1500 921 1552 mendorum
946 1500 975 1551 in
1002 1507 1133 1552 veterum
1153 1502 1327 1568 scriptorum

157 1587 328 1657 codicibus.)
353 1588 518 1642 Dolendum
538 1596 591 1651 est,
611 1589 690 1656 quod
709 1589 795 1641 talem
810 1589 847 1640 de
860 1588 976 1641 Manilio
990 1590 1266 1643 commentationem
1279 1591 1329 1643 ad-

156 1676 212 1728 huc
233 1693 292 1730 non
311 1677 464 1740 habemus,
485 1678 600 1746 qualem
620 1679 656 1730 de
676 1676 803 1746 Vergilio
830 1677 946 1744 scripsit
965 1677 1073 1731 Paulus
1092 1679 1210 1747 Jahnius
1229 1679 1328 1732 Philol.

156 1772 175 1818 t.
190 1766 292 1828 LXIII,
316 1781 381 1830 1904
400 1769 461 1832 (aus
480 1766 593 1836 Vergils
619 1766 929 1826 Dichterwerkstatte).

250 1889 274 1920 ⁶⁸
294 1891 340 1942 Ex
360 1891 487 1944 historiis
507 1893 737 1960 praesertimque
756 1907 852 1943 rerum
865 1890 1061 1943 Romanarum
1082 1891 1170 1944 multa
1184 1891 1328 1944 Manilium

159 1979 186 2030 in
214 1994 288 2046 opus
314 1995 398 2032 suum
417 1980 576 2033 detorsisse
604 1980 709 2048 probat
729 1980 882 2033 Lansonus
907 1979 944 2032 de
964 1979 1080 2032 Manilio
1100 1986 1189 2046 poeta
1208 1980 1329 2048 eiusque

158 2067 285 2138 ingenio,
304 2069 419 2121 Parisiis
442 2073 516 2133 1887,
536 2077 555 2122 t.
571 2084 612 2136 75.

250 2183 274 2215 ⁶⁰
293 2185 407 2251 Appian
428 2185 551 2238 Hannib.
567 2201 609 2254 52.

251 2281 274 2312 ⁸⁰
292 2282 413 2353 lulgebit
438 2299 507 2337 vera
534 2285 599 2336 cod.
620 2283 706 2336 lectio
731 2290 792 2349 est;
821 2290 888 2335 sunt
914 2283 963 2351 qui
989 2282 1062 2336 falso
1089 2282 1256 2349 praeferant
1283 2283 1328 2336 vel

159 2372 287 2441 turgebit
306 2372 351 2424 vel
372 2372 488 2442 lugebit.

250 2477 273 2508 ⁸¹
293 2478 410 2531 Lanson
430 2480 437 2531 l
460 2479 476 2531 l.
490 2496 517 2548 p.
533 2495 563 2545 71
574 2496 608 2549 sq
636 2485 732 2548 (quam
746 2480 891 2532 rhetorice
904 2479 1038 2533 Manilius
1051 2494 1112 2532 rem
1126 2480 1330 2549 astrologicam

159 2566 347 2634 tractaverit).
374 2568 438 2621 Non
458 2569 543 2636 pauci
563 2569 591 2620 in
611 2570 770 2622 tractandis
784 2569 890 2620 Manilii
907 2567 1003 2621 verbis
1023 2567 1216 2638 neglexerunt
1236 2568 1331 2621 rheto-

160 2657 251 2708 ricum
271 2656 352 2718 illud,
372 2658 452 2724 quod
472 2658 534 2710 eius
553 2659 702 2725 proprium
722 2659 836 2711 videtur
856 2673 933 2719 esse,
953 2657 1070 2710 dIcendi
1090 2673 1182 2727 genus
1201 2657 1331 2723 (Mueller

161 2745 176 2796 l.
191 2746 206 2797 l.
222 2760 248 2812 p.
264 2744 316 2813 82).
355 2744 559 2799 Gardthausen
579 2748 727 2817 Augustus
747 2747 826 2814 Lips.
850 2763 924 2811 1904,
944 2753 1017 2813 part.
1031 2745 1050 2809 l,
1066 2753 1085 2798 t.
1101 2761 1115 2810 3
1135 2745 1331 2814 (Philosophie

161 2834 198 2885 im
218 2832 354 2887 Zeitalter
372 2824 424 2888 des
444 2834 601 2906 Augustus)
619 2852 646 2904 p.
666 2845 748 2902 13043
768 2835 801 2888 E.
817 2835 935 2888 Norden
955 2835 1062 2888 Aeneis
1081 2835 1097 2886 l.
1111 2833 1149 2886 VI
1168 2851 1195 2902 p.
1210 2851 1269 2900 322.

253 2957 277 2988 ⁸²
296 2959 397 3012 Victus
418 2961 513 3031 magni
532 2961 609 3014 iacet
628 2960 765 3014 Hectoris
785 2959 869 3022 ultor,
890 2966 964 3012 auct.
979 2960 1092 3011 Aetnae
1111 2976 1136 3011 v.
1152 2973 1210 3025 591.

252 3064 275 3096 ⁸³
293 3066 388 3119 Manil.
406 3066 444 3119 IV
463 3085 505 3131 40,
524 3072 572 3134 483
592 3068 678 3138 Verg.
692 3067 788 3120 Aenl
806 3070 865 3132 298,
879 3065 947 3132 366;
967 3065 1013 3128 IV,
1028 3081 1070 3131 97,
1086 3081 1151 3132 3473
1171 3064 1271 3119 Claud.
1285 3065 1331 3118 ed.

162 3153 229 3206 Birt.
242 3155 300 3207 ind.
316 3171 339 3206 s.
352 3173 378 3208 v.
393 3155 489 3209 Carth.

252 3260 274 3291 ⁸⁴
295 3262 366 3330 Nep.
385 3263 480 3316 Hann.
502 3279 581 3332 1sq.;
601 3263 662 3316 Liv.
684 3262 762 3325 XXI,
785 3279 806 3325 1,
821 3279 851 3330 43
878 3262 1008 3324 XXVIII,
1031 3279 1077 3328 123
1097 3261 1188 3325 XXV,
1207 3278 1252 3328 19;
1272 3260 1332 3315 Cic.

162 3350 189 3402 d.
201 3358 272 3403 orat.
285 3351 371 3417 1210;
391 3352 464 3405 Enn.
475 3359 527 3407 sat.
544 3370 590 3420 143
609 3354 675 3406 Var.
684 3360 737 3406 sat.
746 3352 819 3405 Men.
830 3366 879 3422 55;
897 3352 959 3404 Val.
970 3351 1053 3404 Prob.
1063 3352 1141 3418 apud
1151 3349 1223 3404 Gell.
1235 3369 1259 3414 4,
1269 3364 1293 3415 7,
1302 3367 1332 3416 2;

162 3454 256 3491 novus
276 3439 420 3494 Hannibal
440 3440 499 3494 Cic.
514 3440 584 3494 Phil.
603 3458 641 3507 13,
655 3456 703 3509 253
724 3442 796 3495 alter
809 3440 954 3494 Hannibal
974 3441 1041 3492 Aur.
1056 3440 1131 3492 Vict.
1147 3439 1230 3493 Caes.
1245 3456 1286 3505 37,
1301 3456 1332 3506 2;

161 3527 342 3582 Mithridates
368 3530 436 3583 odio
461 3531 490 3582 in
513 3530 662 3584 Romanos
686 3530 830 3584 Hannibal
850 3530 922 3582 Vell.
944 3546 968 3591 2,
994 3533 1032 3592 18,
1048 3545 1077 3580 ¹1.
1112 3528 1210 3599 Polyb.
1232 3528 1269 3580 III
1293 3545 1332 3591 11,

163 3616 205 3668 IX
218 3633 260 3679 22,
280 3617 321 3670 XI
340 3635 378 3684 19,
398 3619 496 3672 XXIV
509 3636 540 3687 93
568 3620 629 3673 Val.
643 3620 712 3674 Mar.
726 3620 768 3672 IX
782 3637 812 3686 33
839 3619 950 3672 Martial
971 3618 1012 3670 IX
1032 3634 1065 3683 43
1087 3617 1183 3684 (Hunc
1203 3633 1277 3685 puer
1295 3618 1332 3671 ad

163 3705 288 3775 Libycas
307 3707 453 3761 iuraverat
466 3709 610 3762 Hannibal
629 3709 715 3775 aras);
735 3710 803 3762 Aur.
817 3709 892 3761 Vict.
907 3709 944 3762 de
958 3709 1009 3760 vir.
1023 3707 1059 3759 ill.
1074 3723 1123 3772 42;
1143 3705 1332 3773 Flor.116,2;

163 3793 248 3847 Oros.
262 3795 300 3847 IV
318 3813 364 3862 14;
385 3799 421 3850 cl.
439 3798 476 3850 de
493 3799 562 3851 odio
580 3799 667 3851 etiam
681 3797 885 3851 Schneidewin
906 3798 952 3850 die
973 3796 1070 3849 antike
1085 3795 1263 3857 Humanitat,
1280 3795 1333 3849 Ar·

163 3884 229 3936 chiv
249 3886 266 3937 f.
280 3885 382 3940 Lexik.
407 3902 481 3949 1902,
501 3894 521 3940 t.
535 3887 598 3950 XII,
618 3904 645 3955 p.
660 3904 708 3953 149
716 3904 758 3956 sq.

253 3990 276 4023 ⁶⁵
296 3991 428 4046 Clement
442 3995 533 4047 essais
546 3994 684 4062 critiques
698 4011 747 4047 sur
760 3994 787 4046 la
801 3994 962 4047 litterature
976 3993 987 4045 I
999 4010 1047 4058 435
1066 3991 1191 4044 Ernestii
1205 3991 1241 4044 ad
1255 3991 1332 4044 hunc

164 4077 210 4130 Sil.
228 4079 324 4132 locum
344 4089 403 4134 not.
424 4083 502 4150 Lips
521 4098 583 4148 1791
607 4098 634 4150 p.
649 4086 677 4149 8;
698 4082 946 4152 Ruperti-Heyne,
960 4081 1108 4152 Goetting.
1123 4094 1188 4148 1795
1203 4095 1230 4147 p.
1246 4096 1284 4142 14.

255 4187 278 4218 ⁸⁸
297 4188 351 4242 Ov.
365 4189 433 4243 Met.
447 4190 488 4242 IX
503 4205 551 4259 552
573 4207 630 4244 non
650 4191 773 4244 celanda
793 4191 876 4244 soret.
