<?xml version="1.0" encoding="UTF-8"?>
<!DOCTYPE html PUBLIC "-//W3C//DTD XHTML 1.0 Transitional//EN"
    "http://www.w3.org/TR/xhtml1/DTD/xhtml1-transitional.dtd">
<html xmlns="http://www.w3.org/1999/xhtml" xml:lang="en" lang="en">
 <head>
  <title>
</title>
<meta http-equiv="Content-Type" content="text/html;charset=utf-8" />
  <meta name='ocr-system' content='tesseract 3.04.00' />
  <meta name='ocr-capabilities' content='ocr_page ocr_carea ocr_par ocr_line ocrx_word'/>
</head>
<body>
  <div class='ocr_page' id='page_1' title='image "./delocisquibusda00kraegoog_0045.png"; bbox 0 0 3166 5048; ppageno 0'>
   <div class='ocr_carea' id='block_1_1' title="bbox 468 912 1203 1024">
    <p class='ocr_par' dir='ltr' id='par_1_1' title="bbox 468 912 1203 1024">
     <span class='ocr_line' id='line_1_1' title="bbox 468 912 1203 1024; baseline 0.004 -26"><span class='ocrx_word' id='word_1_1' title='bbox 468 919 781 1024; x_wconf 81' lang='lat' dir='ltr'>Explioaiiones</span> <span class='ocrx_word' id='word_1_2' title='bbox 814 920 938 1022; x_wconf 84' lang='lat' dir='ltr'>atque</span> <span class='ocrx_word' id='word_1_3' title='bbox 966 922 1105 1002; x_wconf 83' lang='lat' dir='ltr'>notae.</span> <span class='ocrx_word' id='word_1_4' title='bbox 1197 912 1203 925; x_wconf 50' lang='lat'>⁸</span> 
     </span>
    </p>
   </div>
   <div class='ocr_carea' id='block_1_2' title="bbox 203 1134 1373 1294">
    <p class='ocr_par' dir='ltr' id='par_1_2' title="bbox 203 1134 1373 1294">
     <span class='ocr_line' id='line_1_2' title="bbox 294 1134 1373 1206; baseline 0.002 -18"><span class='ocrx_word' id='word_1_5' title='bbox 294 1134 303 1166; x_wconf 84' lang='lat'>¹</span> <span class='ocrx_word' id='word_1_6' title='bbox 321 1136 489 1189; x_wconf 87' lang='lat' dir='ltr'>Widukindi</span> <span class='ocrx_word' id='word_1_7' title='bbox 508 1152 604 1190; x_wconf 91' lang='lat' dir='ltr'>rerum</span> <span class='ocrx_word' id='word_1_8' title='bbox 623 1144 770 1206; x_wconf 86' lang='lat' dir='ltr'>gestarum</span> <span class='ocrx_word' id='word_1_9' title='bbox 791 1136 1002 1190; x_wconf 88' lang='lat' dir='ltr'>Saxonicarum</span> <span class='ocrx_word' id='word_1_10' title='bbox 1022 1137 1085 1189; x_wconf 88' lang='lat' dir='ltr'>libri</span> <span class='ocrx_word' id='word_1_11' title='bbox 1103 1145 1171 1190; x_wconf 91' lang='lat' dir='ltr'>tres.</span> <span class='ocrx_word' id='word_1_12' title='bbox 1188 1137 1373 1190; x_wconf 89' lang='lat' dir='ltr'>Hanoverae.</span> 
     </span>
     <span class='ocr_line' id='line_1_3' title="bbox 203 1224 647 1294; baseline 0.005 -18"><span class='ocrx_word' id='word_1_13' title='bbox 203 1224 278 1277; x_wconf 90' lang='lat' dir='ltr'>Edit.</span> <span class='ocrx_word' id='word_1_14' title='bbox 299 1232 364 1278; x_wconf 91' lang='lat' dir='ltr'>tert.</span> <span class='ocrx_word' id='word_1_15' title='bbox 387 1229 461 1288; x_wconf 86' lang='lat'>1882,</span> <span class='ocrx_word' id='word_1_16' title='bbox 482 1226 498 1279; x_wconf 88' lang='lat' dir='ltr'>l.</span> <span class='ocrx_word' id='word_1_17' title='bbox 519 1225 538 1288; x_wconf 90' lang='lat'>1,</span> <span class='ocrx_word' id='word_1_18' title='bbox 559 1241 584 1278; x_wconf 88' lang='lat' dir='ltr'>c.</span> <span class='ocrx_word' id='word_1_19' title='bbox 604 1241 647 1294; x_wconf 84' lang='lat'>25·</span> 
     </span>
    </p>
   </div>
   <div class='ocr_carea' id='block_1_3' title="bbox 203 1332 1379 1934">
    <p class='ocr_par' dir='ltr' id='par_1_3' title="bbox 203 1332 1379 1934">
     <span class='ocr_line' id='line_1_4' title="bbox 292 1332 1377 1400; baseline 0.002 -15"><span class='ocrx_word' id='word_1_20' title='bbox 292 1332 303 1363; x_wconf 75' lang='lat'>²</span> <span class='ocrx_word' id='word_1_21' title='bbox 329 1333 454 1386; x_wconf 89' lang='lat' dir='ltr'>Bechert</span> <span class='ocrx_word' id='word_1_22' title='bbox 473 1333 510 1386; x_wconf 90' lang='lat' dir='ltr'>de</span> <span class='ocrx_word' id='word_1_23' title='bbox 523 1333 629 1386; x_wconf 88' lang='lat' dir='ltr'>Manilii</span> <span class='ocrx_word' id='word_1_24' title='bbox 649 1333 824 1387; x_wconf 90' lang='lat' dir='ltr'>emendandi</span> <span class='ocrx_word' id='word_1_25' title='bbox 839 1333 960 1396; x_wconf 91' lang='lat' dir='ltr'>ratione,</span> <span class='ocrx_word' id='word_1_26' title='bbox 976 1333 1092 1400; x_wconf 86' lang='lat' dir='ltr'>Lipsiae</span> <span class='ocrx_word' id='word_1_27' title='bbox 1108 1335 1184 1397; x_wconf 84' lang='lat'>1878.</span> <span class='ocrx_word' id='word_1_28' title='bbox 1208 1333 1320 1386; x_wconf 91' lang='lat' dir='ltr'>Breiter</span> <span class='ocrx_word' id='word_1_29' title='bbox 1338 1334 1377 1387; x_wconf 90' lang='lat' dir='ltr'>de</span> 
     </span>
     <span class='ocr_line' id='line_1_5' title="bbox 203 1421 1375 1491; baseline 0.002 -18"><span class='ocrx_word' id='word_1_30' title='bbox 203 1421 408 1474; x_wconf 87' lang='lat' dir='ltr'>emendatione</span> <span class='ocrx_word' id='word_1_31' title='bbox 428 1421 543 1484; x_wconf 87' lang='lat' dir='ltr'>Manilii,</span> <span class='ocrx_word' id='word_1_32' title='bbox 563 1422 695 1476; x_wconf 89' lang='lat' dir='ltr'>Hauniae</span> <span class='ocrx_word' id='word_1_33' title='bbox 715 1427 789 1491; x_wconf 84' lang='lat'>1854,</span> <span class='ocrx_word' id='word_1_34' title='bbox 808 1423 845 1475; x_wconf 90' lang='lat' dir='ltr'>de</span> <span class='ocrx_word' id='word_1_35' title='bbox 864 1423 947 1475; x_wconf 92' lang='lat' dir='ltr'>cuius</span> <span class='ocrx_word' id='word_1_36' title='bbox 966 1423 1080 1475; x_wconf 87' lang='lat' dir='ltr'>ratione</span> <span class='ocrx_word' id='word_1_37' title='bbox 1099 1421 1135 1474; x_wconf 83' lang='lat' dir='ltr'>cs.</span> <span class='ocrx_word' id='word_1_38' title='bbox 1156 1422 1292 1476; x_wconf 89' lang='lat' dir='ltr'>Becherti</span> <span class='ocrx_word' id='word_1_39' title='bbox 1312 1423 1375 1476; x_wconf 90' lang='lat' dir='ltr'>libr.</span> 
     </span>
     <span class='ocr_line' id='line_1_6' title="bbox 204 1508 1377 1582; baseline 0.002 -19"><span class='ocrx_word' id='word_1_40' title='bbox 204 1508 261 1578; x_wconf 85' lang='lat' dir='ltr'>Qui</span> <span class='ocrx_word' id='word_1_41' title='bbox 284 1526 361 1563; x_wconf 92' lang='lat' dir='ltr'>nunc</span> <span class='ocrx_word' id='word_1_42' title='bbox 386 1511 423 1563; x_wconf 93' lang='lat' dir='ltr'>de</span> <span class='ocrx_word' id='word_1_43' title='bbox 447 1511 502 1564; x_wconf 93' lang='lat' dir='ltr'>hac</span> <span class='ocrx_word' id='word_1_44' title='bbox 527 1518 586 1564; x_wconf 89' lang='lat' dir='ltr'>tam</span> <span class='ocrx_word' id='word_1_45' title='bbox 610 1511 719 1564; x_wconf 82' lang='lat' dir='ltr'>difficili</span> <span class='ocrx_word' id='word_1_46' title='bbox 745 1512 865 1565; x_wconf 87' lang='lat' dir='ltr'>materia</span> <span class='ocrx_word' id='word_1_47' title='bbox 889 1512 1050 1579; x_wconf 91' lang='lat' dir='ltr'>scripturus</span> <span class='ocrx_word' id='word_1_48' title='bbox 1073 1518 1127 1574; x_wconf 88' lang='lat' dir='ltr'>est,</span> <span class='ocrx_word' id='word_1_49' title='bbox 1146 1511 1217 1565; x_wconf 92' lang='lat' dir='ltr'>satis</span> <span class='ocrx_word' id='word_1_50' title='bbox 1241 1527 1377 1582; x_wconf 84' lang='lat' dir='ltr'>magnam</span> 
     </span>
     <span class='ocr_line' id='line_1_7' title="bbox 203 1597 1378 1670; baseline 0.003 -19"><span class='ocrx_word' id='word_1_51' title='bbox 203 1599 345 1652; x_wconf 90' lang='lat' dir='ltr'>rationem</span> <span class='ocrx_word' id='word_1_52' title='bbox 372 1599 479 1652; x_wconf 89' lang='lat' dir='ltr'>habeat</span> <span class='ocrx_word' id='word_1_53' title='bbox 506 1607 622 1668; x_wconf 90' lang='lat' dir='ltr'>oportet</span> <span class='ocrx_word' id='word_1_54' title='bbox 646 1616 744 1653; x_wconf 91' lang='lat' dir='ltr'>eorum</span> <span class='ocrx_word' id='word_1_55' title='bbox 771 1599 946 1663; x_wconf 88' lang='lat' dir='ltr'>libellorum,</span> <span class='ocrx_word' id='word_1_56' title='bbox 973 1615 1047 1668; x_wconf 91' lang='lat' dir='ltr'>quos</span> <span class='ocrx_word' id='word_1_57' title='bbox 1075 1599 1112 1652; x_wconf 90' lang='lat' dir='ltr'>de</span> <span class='ocrx_word' id='word_1_58' title='bbox 1136 1597 1242 1652; x_wconf 85' lang='lat' dir='ltr'>Manilii</span> <span class='ocrx_word' id='word_1_59' title='bbox 1268 1616 1378 1670; x_wconf 82' lang='lat' dir='ltr'>genere</span> 
     </span>
     <span class='ocr_line' id='line_1_8' title="bbox 203 1678 1379 1758; baseline 0.001 -17"><span class='ocrx_word' id='word_1_60' title='bbox 203 1688 320 1741; x_wconf 91' lang='lat' dir='ltr'>dicendi</span> <span class='ocrx_word' id='word_1_61' title='bbox 336 1689 513 1758; x_wconf 90' lang='lat' dir='ltr'>ingenioque</span> <span class='ocrx_word' id='word_1_62' title='bbox 531 1696 637 1757; x_wconf 87' lang='lat' dir='ltr'>poetae</span> <span class='ocrx_word' id='word_1_63' title='bbox 653 1691 832 1758; x_wconf 90' lang='lat' dir='ltr'>scripserunt</span> <span class='ocrx_word' id='word_1_64' title='bbox 846 1689 899 1742; x_wconf 92' lang='lat' dir='ltr'>viri</span> <span class='ocrx_word' id='word_1_65' title='bbox 919 1689 1007 1752; x_wconf 86' lang='lat' dir='ltr'>docti,</span> <span class='ocrx_word' id='word_1_66' title='bbox 1022 1705 1097 1757; x_wconf 92' lang='lat' dir='ltr'>quos</span> <span class='ocrx_word' id='word_1_67' title='bbox 1114 1678 1265 1742; x_wconf 77' lang='lat' dir='ltr'>enumerat</span> <span class='ocrx_word' id='word_1_68' title='bbox 1280 1688 1379 1742; x_wconf 91' lang='lat' dir='ltr'>Klein·</span> 
     </span>
     <span class='ocr_line' id='line_1_9' title="bbox 203 1777 1378 1846; baseline 0.002 -17"><span class='ocrx_word' id='word_1_69' title='bbox 203 1777 397 1846; x_wconf 90' lang='lat' dir='ltr'>guentherus:</span> <span class='ocrx_word' id='word_1_70' title='bbox 423 1777 620 1846; x_wconf 82' lang='lat' dir='ltr'>Quaestiones</span> <span class='ocrx_word' id='word_1_71' title='bbox 639 1779 676 1831; x_wconf 90' lang='lat' dir='ltr'>ad</span> <span class='ocrx_word' id='word_1_72' title='bbox 696 1779 922 1831; x_wconf 90' lang='lat' dir='ltr'>Astronomicon</span> <span class='ocrx_word' id='word_1_73' title='bbox 942 1778 1030 1831; x_wconf 92' lang='lat' dir='ltr'>libros</span> <span class='ocrx_word' id='word_1_74' title='bbox 1050 1778 1239 1846; x_wconf 90' lang='lat' dir='ltr'>pertinentes,</span> <span class='ocrx_word' id='word_1_75' title='bbox 1259 1778 1378 1844; x_wconf 89' lang='lat' dir='ltr'>Lipsiae</span> 
     </span>
     <span class='ocr_line' id='line_1_10' title="bbox 208 1866 535 1934; baseline 0.009 -17"><span class='ocrx_word' id='word_1_76' title='bbox 208 1881 273 1934; x_wconf 84' lang='lat'><strong>1905</strong></span> <span class='ocrx_word' id='word_1_77' title='bbox 294 1867 332 1929; x_wconf 93' lang='lat' dir='ltr'>(in</span> <span class='ocrx_word' id='word_1_78' title='bbox 352 1866 535 1934; x_wconf 84' lang='lat' dir='ltr'>appendice).</span> 
     </span>
    </p>
   </div>
   <div class='ocr_carea' id='block_1_4' title="bbox 205 1972 1380 2132">
    <p class='ocr_par' dir='ltr' id='par_1_4' title="bbox 205 1972 1380 2132">
     <span class='ocr_line' id='line_1_11' title="bbox 294 1972 1380 2042; baseline 0 -16"><span class='ocrx_word' id='word_1_79' title='bbox 294 1972 304 2004; x_wconf 79' lang='lat'><strong>³</strong></span> <span class='ocrx_word' id='word_1_80' title='bbox 331 1972 520 2041; x_wconf 82' lang='lat' dir='ltr'>Quapropter</span> <span class='ocrx_word' id='word_1_81' title='bbox 543 1975 630 2027; x_wconf 92' lang='lat' dir='ltr'>subiit</span> <span class='ocrx_word' id='word_1_82' title='bbox 660 1975 680 2027; x_wconf 88' lang='lat' dir='ltr'>l.</span> <span class='ocrx_word' id='word_1_83' title='bbox 700 1975 829 2027; x_wconf 90' lang='lat' dir='ltr'>Moelleri</span> <span class='ocrx_word' id='word_1_84' title='bbox 856 1974 1100 2042; x_wconf 86' lang='lat' dir='ltr'>vituperationem</span> <span class='ocrx_word' id='word_1_85' title='bbox 1131 1972 1380 2041; x_wconf 85' lang='lat' dir='ltr'>(Wochenschriit</span> 
     </span>
     <span class='ocr_line' id='line_1_12' title="bbox 205 2061 661 2132; baseline 0.004 -18"><span class='ocrx_word' id='word_1_86' title='bbox 205 2061 222 2114; x_wconf 83' lang='lat' dir='ltr'>s.</span> <span class='ocrx_word' id='word_1_87' title='bbox 238 2061 323 2115; x_wconf 92' lang='lat' dir='ltr'>klass.</span> <span class='ocrx_word' id='word_1_88' title='bbox 338 2062 437 2116; x_wconf 93' lang='lat' dir='ltr'>Philol.</span> <span class='ocrx_word' id='word_1_89' title='bbox 455 2079 520 2132; x_wconf 85' lang='lat'>¹905</span> <span class='ocrx_word' id='word_1_90' title='bbox 542 2062 593 2117; x_wconf 93' lang='lat' dir='ltr'>No.</span> <span class='ocrx_word' id='word_1_91' title='bbox 607 2063 661 2129; x_wconf 76' lang='lat' dir='ltr'>apl.</span> 
     </span>
    </p>
   </div>
   <div class='ocr_carea' id='block_1_5' title="bbox 207 2166 1380 2328">
    <p class='ocr_par' dir='ltr' id='par_1_5' title="bbox 207 2166 1380 2328">
     <span class='ocr_line' id='line_1_13' title="bbox 294 2166 1380 2240; baseline 0.001 -19"><span class='ocrx_word' id='word_1_92' title='bbox 294 2166 306 2199; x_wconf 81' lang='lat'><strong>⁴</strong></span> <span class='ocrx_word' id='word_1_93' title='bbox 323 2168 360 2221; x_wconf 73' lang='lat' dir='ltr'>cs,</span> <span class='ocrx_word' id='word_1_94' title='bbox 368 2169 397 2222; x_wconf 92' lang='lat' dir='ltr'>in</span> <span class='ocrx_word' id='word_1_95' title='bbox 408 2170 513 2222; x_wconf 90' lang='lat' dir='ltr'>Eduini</span> <span class='ocrx_word' id='word_1_96' title='bbox 521 2170 650 2224; x_wconf 91' lang='lat' dir='ltr'>Muelleri</span> <span class='ocrx_word' id='word_1_97' title='bbox 661 2170 750 2223; x_wconf 91' lang='lat' dir='ltr'>docta</span> <span class='ocrx_word' id='word_1_98' title='bbox 761 2170 798 2223; x_wconf 90' lang='lat' dir='ltr'>de</span> <span class='ocrx_word' id='word_1_99' title='bbox 807 2177 869 2224; x_wconf 93' lang='lat' dir='ltr'>arte</span> <span class='ocrx_word' id='word_1_100' title='bbox 878 2171 1045 2240; x_wconf 86' lang='lat' dir='ltr'>ingeniique</span> <span class='ocrx_word' id='word_1_101' title='bbox 1054 2170 1160 2224; x_wconf 85' lang='lat' dir='ltr'>Manilii</span> <span class='ocrx_word' id='word_1_102' title='bbox 1172 2169 1380 2222; x_wconf 89' lang='lat' dir='ltr'>dissertatione</span> 
     </span>
     <span class='ocr_line' id='line_1_14' title="bbox 207 2258 1198 2328; baseline 0.006 -18"><span class='ocrx_word' id='word_1_103' title='bbox 207 2273 234 2324; x_wconf 93' lang='lat' dir='ltr'>p.</span> <span class='ocrx_word' id='word_1_104' title='bbox 249 2260 283 2319; x_wconf 90' lang='lat'>64</span> <span class='ocrx_word' id='word_1_105' title='bbox 303 2274 345 2327; x_wconf 90' lang='lat' dir='ltr'>sq.</span> <span class='ocrx_word' id='word_1_106' title='bbox 361 2258 500 2328; x_wconf 83' lang='lat' dir='ltr'>philologi</span> <span class='ocrx_word' id='word_1_107' title='bbox 520 2267 588 2312; x_wconf 93' lang='lat' dir='ltr'>torn.</span> <span class='ocrx_word' id='word_1_108' title='bbox 603 2259 692 2312; x_wconf 90' lang='lat' dir='ltr'>LXll.</span> <span class='ocrx_word' id='word_1_109' title='bbox 1197 2278 1198 2281; x_wconf 73' lang='grc'>’</span> 
     </span>
    </p>
   </div>
   <div class='ocr_carea' id='block_1_6' title="bbox 296 2362 694 2434">
    <p class='ocr_par' dir='ltr' id='par_1_6' title="bbox 296 2362 694 2434">
     <span class='ocr_line' id='line_1_15' title="bbox 296 2362 694 2434; baseline 0.005 -19"><span class='ocrx_word' id='word_1_110' title='bbox 296 2362 307 2394; x_wconf 80' lang='lat'>¹⁵</span> <span class='ocrx_word' id='word_1_111' title='bbox 326 2363 455 2417; x_wconf 89' lang='lat' dir='ltr'>Muelleri</span> <span class='ocrx_word' id='word_1_112' title='bbox 475 2365 543 2418; x_wconf 91' lang='lat' dir='ltr'>diss.</span> <span class='ocrx_word' id='word_1_113' title='bbox 558 2381 585 2433; x_wconf 88' lang='lat' dir='ltr'>p.</span> <span class='ocrx_word' id='word_1_114' title='bbox 600 2367 631 2417; x_wconf 83' lang='lat'>82</span> <span class='ocrx_word' id='word_1_115' title='bbox 652 2381 694 2434; x_wconf 94' lang='lat' dir='ltr'>sq.</span> 
     </span>
    </p>
   </div>
   <div class='ocr_carea' id='block_1_7' title="bbox 206 2469 1387 3505">
    <p class='ocr_par' dir='ltr' id='par_1_7' title="bbox 206 2469 1387 3505">
     <span class='ocr_line' id='line_1_16' title="bbox 298 2469 1382 2539; baseline 0 -16"><span class='ocrx_word' id='word_1_116' title='bbox 298 2469 309 2500; x_wconf 80' lang='lat'><strong>⁶</strong></span> <span class='ocrx_word' id='word_1_117' title='bbox 328 2469 422 2538; x_wconf 79' lang='lat' dir='ltr'>Quam</span> <span class='ocrx_word' id='word_1_118' title='bbox 441 2487 530 2539; x_wconf 88' lang='lat' dir='ltr'>saepe</span> <span class='ocrx_word' id='word_1_119' title='bbox 549 2473 578 2525; x_wconf 93' lang='lat' dir='ltr'>in</span> <span class='ocrx_word' id='word_1_120' title='bbox 595 2473 823 2539; x_wconf 87' lang='lat' dir='ltr'>interpretandis</span> <span class='ocrx_word' id='word_1_121' title='bbox 836 2473 1048 2526; x_wconf 90' lang='lat' dir='ltr'>Astronomicis</span> <span class='ocrx_word' id='word_1_122' title='bbox 1065 2473 1102 2524; x_wconf 91' lang='lat' dir='ltr'>sit</span> <span class='ocrx_word' id='word_1_123' title='bbox 1121 2477 1255 2533; x_wconf 90' lang='lat' dir='ltr'>erratum,</span> <span class='ocrx_word' id='word_1_124' title='bbox 1270 2470 1382 2538; x_wconf 91' lang='lat' dir='ltr'>optime</span> 
     </span>
     <span class='ocr_line' id='line_1_17' title="bbox 206 2558 1383 2629; baseline 0.001 -20"><span class='ocrx_word' id='word_1_125' title='bbox 206 2558 358 2628; x_wconf 89' lang='lat' dir='ltr'>intellegas</span> <span class='ocrx_word' id='word_1_126' title='bbox 378 2575 402 2612; x_wconf 87' lang='lat' dir='ltr'>e.</span> <span class='ocrx_word' id='word_1_127' title='bbox 420 2576 447 2629; x_wconf 90' lang='lat' dir='ltr'>g.</span> <span class='ocrx_word' id='word_1_128' title='bbox 463 2576 501 2613; x_wconf 91' lang='lat' dir='ltr'>ex</span> <span class='ocrx_word' id='word_1_129' title='bbox 522 2561 603 2624; x_wconf 86' lang='lat' dir='ltr'>libro,</span> <span class='ocrx_word' id='word_1_130' title='bbox 624 2562 706 2613; x_wconf 92' lang='lat' dir='ltr'>cuius</span> <span class='ocrx_word' id='word_1_131' title='bbox 725 2562 826 2615; x_wconf 94' lang='lat' dir='ltr'>titulus</span> <span class='ocrx_word' id='word_1_132' title='bbox 850 2569 895 2614; x_wconf 92' lang='lat' dir='ltr'>est</span> <span class='ocrx_word' id='word_1_133' title='bbox 913 2562 1020 2614; x_wconf 89' lang='lat' dir='ltr'>Archiv</span> <span class='ocrx_word' id='word_1_134' title='bbox 1041 2560 1058 2613; x_wconf 83' lang='lat' dir='ltr'>s.</span> <span class='ocrx_word' id='word_1_135' title='bbox 1078 2561 1125 2613; x_wconf 89' lang='lat' dir='ltr'>lat.</span> <span class='ocrx_word' id='word_1_136' title='bbox 1144 2558 1383 2628; x_wconf 86' lang='lat' dir='ltr'>Lexikographie</span> 
     </span>
     <span class='ocr_line' id='line_1_18' title="bbox 211 2646 1383 2718; baseline 0 -20"><span class='ocrx_word' id='word_1_137' title='bbox 211 2663 278 2712; x_wconf 89' lang='lat'>1902</span> <span class='ocrx_word' id='word_1_138' title='bbox 299 2655 319 2700; x_wconf 91' lang='lat' dir='ltr'>t.</span> <span class='ocrx_word' id='word_1_139' title='bbox 334 2648 390 2700; x_wconf 91' lang='lat' dir='ltr'>XII</span> <span class='ocrx_word' id='word_1_140' title='bbox 410 2665 437 2716; x_wconf 91' lang='lat' dir='ltr'>p.</span> <span class='ocrx_word' id='word_1_141' title='bbox 457 2655 516 2714; x_wconf 88' lang='lat'>463.</span> <span class='ocrx_word' id='word_1_142' title='bbox 539 2679 570 2687; x_wconf 99' lang='lat'><em>-</em></span> <span class='ocrx_word' id='word_1_143' title='bbox 590 2650 635 2703; x_wconf 90' lang='lat' dir='ltr'>De</span> <span class='ocrx_word' id='word_1_144' title='bbox 655 2651 701 2704; x_wconf 93' lang='lat' dir='ltr'>via</span> <span class='ocrx_word' id='word_1_145' title='bbox 720 2658 818 2704; x_wconf 91' lang='lat' dir='ltr'>autem</span> <span class='ocrx_word' id='word_1_146' title='bbox 843 2667 876 2704; x_wconf 91' lang='lat' dir='ltr'>ac</span> <span class='ocrx_word' id='word_1_147' title='bbox 897 2651 1018 2712; x_wconf 89' lang='lat' dir='ltr'>ratione,</span> <span class='ocrx_word' id='word_1_148' title='bbox 1038 2649 1143 2718; x_wconf 92' lang='lat' dir='ltr'>quain</span> <span class='ocrx_word' id='word_1_149' title='bbox 1162 2647 1270 2700; x_wconf 93' lang='lat' dir='ltr'>Manilii</span> <span class='ocrx_word' id='word_1_150' title='bbox 1284 2646 1383 2699; x_wconf 91' lang='lat' dir='ltr'>verbis</span> 
     </span>
     <span class='ocr_line' id='line_1_19' title="bbox 207 2735 1383 2808; baseline 0 -20"><span class='ocrx_word' id='word_1_151' title='bbox 207 2737 367 2790; x_wconf 90' lang='lat' dir='ltr'>tractandis</span> <span class='ocrx_word' id='word_1_152' title='bbox 384 2739 604 2805; x_wconf 91' lang='lat' dir='ltr'>procedendum</span> <span class='ocrx_word' id='word_1_153' title='bbox 617 2741 662 2803; x_wconf 88' lang='lat' dir='ltr'>sit,</span> <span class='ocrx_word' id='word_1_154' title='bbox 681 2740 815 2793; x_wconf 82' lang='lat' dir='ltr'>conferre</span> <span class='ocrx_word' id='word_1_155' title='bbox 835 2756 873 2793; x_wconf 89' lang='lat' dir='ltr'>ex</span> <span class='ocrx_word' id='word_1_156' title='bbox 889 2756 944 2792; x_wconf 93' lang='lat' dir='ltr'>usu</span> <span class='ocrx_word' id='word_1_157' title='bbox 957 2745 1009 2801; x_wconf 85' lang='lat' dir='ltr'>est,</span> <span class='ocrx_word' id='word_1_158' title='bbox 1026 2754 1101 2808; x_wconf 92' lang='lat' dir='ltr'>quae</span> <span class='ocrx_word' id='word_1_159' title='bbox 1119 2738 1256 2791; x_wconf 85' lang='lat' dir='ltr'>dixerunt</span> <span class='ocrx_word' id='word_1_160' title='bbox 1270 2735 1299 2787; x_wconf 93' lang='lat' dir='ltr'>hi</span> <span class='ocrx_word' id='word_1_161' title='bbox 1313 2735 1383 2788; x_wconf 91' lang='lat' dir='ltr'>viri:</span> 
     </span>
     <span class='ocr_line' id='line_1_20' title="bbox 212 2822 1383 2897; baseline 0 -21"><span class='ocrx_word' id='word_1_162' title='bbox 212 2842 232 2878; x_wconf 91' lang='lat'>1.</span> <span class='ocrx_word' id='word_1_163' title='bbox 254 2825 385 2879; x_wconf 89' lang='lat' dir='ltr'>Helmius</span> <span class='ocrx_word' id='word_1_164' title='bbox 404 2827 451 2895; x_wconf 90' lang='lat' dir='ltr'>(de</span> <span class='ocrx_word' id='word_1_165' title='bbox 464 2827 604 2897; x_wconf 90' lang='lat' dir='ltr'>Postgatii</span> <span class='ocrx_word' id='word_1_166' title='bbox 618 2829 696 2881; x_wconf 91' lang='lat' dir='ltr'>Silva</span> <span class='ocrx_word' id='word_1_167' title='bbox 710 2829 871 2890; x_wconf 85' lang='lat' dir='ltr'>Maniliana,</span> <span class='ocrx_word' id='word_1_168' title='bbox 886 2828 956 2880; x_wconf 86' lang='lat' dir='ltr'>Berl.</span> <span class='ocrx_word' id='word_1_169' title='bbox 971 2827 1038 2894; x_wconf 90' lang='lat' dir='ltr'>phil.</span> <span class='ocrx_word' id='word_1_170' title='bbox 1049 2827 1152 2880; x_wconf 91' lang='lat' dir='ltr'>Woch.</span> <span class='ocrx_word' id='word_1_171' title='bbox 1170 2829 1245 2891; x_wconf 88' lang='lat'>1897,</span> <span class='ocrx_word' id='word_1_172' title='bbox 1259 2825 1311 2877; x_wconf 90' lang='grc' dir='ltr'>Νο.</span> <span class='ocrx_word' id='word_1_173' title='bbox 1325 2822 1383 2889; x_wconf 83' lang='grc'>40);</span> 
     </span>
     <span class='ocr_line' id='line_1_21' title="bbox 208 2913 1385 2986; baseline 0 -21"><span class='ocrx_word' id='word_1_174' title='bbox 208 2914 256 2967; x_wconf 92' lang='lat' dir='ltr'>die</span> <span class='ocrx_word' id='word_1_175' title='bbox 270 2913 380 2968; x_wconf 86' lang='lat' dir='ltr'>Gesahr</span> <span class='ocrx_word' id='word_1_176' title='bbox 395 2916 464 2986; x_wconf 90' lang='lat' dir='ltr'>liegt</span> <span class='ocrx_word' id='word_1_177' title='bbox 483 2918 567 2978; x_wconf 85' lang='lat' dir='ltr'>nahe,</span> <span class='ocrx_word' id='word_1_178' title='bbox 583 2918 650 2970; x_wconf 91' lang='lat' dir='ltr'>dass</span> <span class='ocrx_word' id='word_1_179' title='bbox 670 2918 722 2970; x_wconf 90' lang='lat' dir='ltr'>der</span> <span class='ocrx_word' id='word_1_180' title='bbox 736 2917 944 2971; x_wconf 85' lang='lat' dir='ltr'>Schriftsteller</span> <span class='ocrx_word' id='word_1_181' title='bbox 957 2917 1119 2970; x_wconf 90' lang='lat' dir='ltr'>emendiert</span> <span class='ocrx_word' id='word_1_182' title='bbox 1132 2916 1204 2968; x_wconf 92' lang='lat' dir='ltr'>wird</span> <span class='ocrx_word' id='word_1_183' title='bbox 1224 2914 1283 2967; x_wconf 93' lang='lat' dir='ltr'>und</span> <span class='ocrx_word' id='word_1_184' title='bbox 1303 2913 1385 2966; x_wconf 92' lang='lat' dir='ltr'>nicht</span> 
     </span>
     <span class='ocr_line' id='line_1_22' title="bbox 208 3002 1385 3076; baseline -0.001 -20"><span class='ocrx_word' id='word_1_185' title='bbox 208 3003 262 3056; x_wconf 92' lang='lat' dir='ltr'>der</span> <span class='ocrx_word' id='word_1_186' title='bbox 274 3004 484 3072; x_wconf 79' lang='lat' dir='ltr'>Abschreiber3</span> <span class='ocrx_word' id='word_1_187' title='bbox 509 3023 533 3059; x_wconf 87' lang='lat'>2.</span> <span class='ocrx_word' id='word_1_188' title='bbox 554 3007 724 3076; x_wconf 90' lang='lat' dir='ltr'>Anonymus</span> <span class='ocrx_word' id='word_1_189' title='bbox 743 3008 860 3076; x_wconf 92' lang='lat' dir='ltr'>quidam</span> <span class='ocrx_word' id='word_1_190' title='bbox 879 3005 928 3074; x_wconf 88' lang='lat' dir='ltr'>(de</span> <span class='ocrx_word' id='word_1_191' title='bbox 948 3006 1103 3059; x_wconf 87' lang='lat' dir='ltr'>Sudhausii</span> <span class='ocrx_word' id='word_1_192' title='bbox 1122 3006 1235 3058; x_wconf 88' lang='lat' dir='ltr'>Aetnae</span> <span class='ocrx_word' id='word_1_193' title='bbox 1254 3002 1385 3056; x_wconf 92' lang='lat' dir='ltr'>editione</span> 
     </span>
     <span class='ocr_line' id='line_1_23' title="bbox 209 3092 1385 3162; baseline -0.002 -17"><span class='ocrx_word' id='word_1_194' title='bbox 209 3093 317 3146; x_wconf 87' lang='lat' dir='ltr'>Archiv</span> <span class='ocrx_word' id='word_1_195' title='bbox 337 3093 355 3146; x_wconf 84' lang='lat' dir='ltr'>f.</span> <span class='ocrx_word' id='word_1_196' title='bbox 373 3094 476 3146; x_wconf 87' lang='lat' dir='ltr'>Lexik.</span> <span class='ocrx_word' id='word_1_197' title='bbox 498 3111 573 3160; x_wconf 80' lang='lat'>1900,</span> <span class='ocrx_word' id='word_1_198' title='bbox 592 3103 611 3147; x_wconf 91' lang='lat' dir='ltr'>t.</span> <span class='ocrx_word' id='word_1_199' title='bbox 632 3095 681 3157; x_wconf 87' lang='lat' dir='ltr'>XI,</span> <span class='ocrx_word' id='word_1_200' title='bbox 702 3111 728 3162; x_wconf 90' lang='lat' dir='ltr'>p.</span> <span class='ocrx_word' id='word_1_201' title='bbox 749 3096 825 3161; x_wconf 85' lang='lat'>292):</span> <span class='ocrx_word' id='word_1_202' title='bbox 853 3095 955 3148; x_wconf 90' lang='lat' dir='ltr'>Zuerst</span> <span class='ocrx_word' id='word_1_203' title='bbox 979 3111 1058 3148; x_wconf 93' lang='lat' dir='ltr'>muss</span> <span class='ocrx_word' id='word_1_204' title='bbox 1077 3111 1143 3148; x_wconf 92' lang='lat' dir='ltr'>man</span> <span class='ocrx_word' id='word_1_205' title='bbox 1163 3092 1327 3147; x_wconf 89' lang='lat' dir='ltr'>versuchen</span> <span class='ocrx_word' id='word_1_206' title='bbox 1348 3108 1385 3144; x_wconf 84' lang='lat' dir='ltr'>zu</span> 
     </span>
     <span class='ocr_line' id='line_1_24' title="bbox 209 3182 1385 3255; baseline 0 -21"><span class='ocrx_word' id='word_1_207' title='bbox 209 3182 374 3245; x_wconf 90' lang='lat' dir='ltr'>verstehen‚</span> <span class='ocrx_word' id='word_1_208' title='bbox 399 3183 490 3236; x_wconf 92' lang='lat' dir='ltr'>bevor</span> <span class='ocrx_word' id='word_1_209' title='bbox 514 3201 580 3237; x_wconf 90' lang='lat' dir='ltr'>man</span> <span class='ocrx_word' id='word_1_210' title='bbox 606 3201 640 3236; x_wconf 91' lang='lat' dir='ltr'>zu</span> <span class='ocrx_word' id='word_1_211' title='bbox 665 3184 867 3253; x_wconf 87' lang='lat' dir='ltr'>Konjekturen</span> <span class='ocrx_word' id='word_1_212' title='bbox 891 3185 985 3255; x_wconf 84' lang='lat' dir='ltr'>greist.</span> <span class='ocrx_word' id='word_1_213' title='bbox 1024 3201 1047 3249; x_wconf 83' lang='lat'>3.</span> <span class='ocrx_word' id='word_1_214' title='bbox 1067 3184 1173 3236; x_wconf 92' lang='lat' dir='ltr'>Birtius</span> <span class='ocrx_word' id='word_1_215' title='bbox 1196 3183 1264 3235; x_wconf 91' lang='lat' dir='ltr'>ibid.</span> <span class='ocrx_word' id='word_1_216' title='bbox 1284 3198 1312 3249; x_wconf 94' lang='lat' dir='ltr'>p.</span> <span class='ocrx_word' id='word_1_217' title='bbox 1336 3196 1385 3249; x_wconf 84' lang='lat'>150</span> 
     </span>
     <span class='ocr_line' id='line_1_25' title="bbox 209 3271 1387 3340; baseline -0.002 -16"><span class='ocrx_word' id='word_1_218' title='bbox 209 3271 271 3339; x_wconf 85' lang='lat' dir='ltr'>(das</span> <span class='ocrx_word' id='word_1_219' title='bbox 291 3272 461 3340; x_wconf 74' lang='lat' dir='ltr'>Arvalliedl:</span> <span class='ocrx_word' id='word_1_220' title='bbox 492 3274 563 3326; x_wconf 90' lang='lat' dir='ltr'>Wer</span> <span class='ocrx_word' id='word_1_221' title='bbox 586 3274 755 3336; x_wconf 88' lang='lat' dir='ltr'>emendiert,</span> <span class='ocrx_word' id='word_1_222' title='bbox 781 3281 855 3326; x_wconf 91' lang='lat' dir='ltr'>setzt</span> <span class='ocrx_word' id='word_1_223' title='bbox 880 3274 955 3326; x_wconf 89' lang='lat' dir='ltr'>eben</span> <span class='ocrx_word' id='word_1_224' title='bbox 982 3273 1029 3326; x_wconf 91' lang='lat' dir='ltr'>ein</span> <span class='ocrx_word' id='word_1_225' title='bbox 1056 3273 1162 3327; x_wconf 89' lang='lat' dir='ltr'>andres</span> <span class='ocrx_word' id='word_1_226' title='bbox 1185 3271 1258 3325; x_wconf 90' lang='lat' dir='ltr'>Lied</span> <span class='ocrx_word' id='word_1_227' title='bbox 1284 3271 1387 3340; x_wconf 85' lang='lat' dir='ltr'>cigner</span> 
     </span>
     <span class='ocr_line' id='line_1_26' title="bbox 210 3359 1386 3432; baseline 0 -20"><span class='ocrx_word' id='word_1_228' title='bbox 210 3359 321 3423; x_wconf 87' lang='lat' dir='ltr'>Mache,</span> <span class='ocrx_word' id='word_1_229' title='bbox 344 3361 391 3414; x_wconf 90' lang='lat' dir='ltr'>ein</span> <span class='ocrx_word' id='word_1_230' title='bbox 415 3361 488 3414; x_wconf 89' lang='lat' dir='ltr'>Lied</span> <span class='ocrx_word' id='word_1_231' title='bbox 513 3362 566 3415; x_wconf 92' lang='lat' dir='ltr'>der</span> <span class='ocrx_word' id='word_1_232' title='bbox 585 3362 690 3432; x_wconf 90' lang='lat' dir='ltr'>cignen</span> <span class='ocrx_word' id='word_1_233' title='bbox 715 3362 959 3432; x_wconf 89' lang='lat' dir='ltr'>grammatischen</span> <span class='ocrx_word' id='word_1_234' title='bbox 983 3362 1136 3415; x_wconf 89' lang='lat' dir='ltr'>Phantasie</span> <span class='ocrx_word' id='word_1_235' title='bbox 1160 3377 1197 3415; x_wconf 89' lang='lat' dir='ltr'>an</span> <span class='ocrx_word' id='word_1_236' title='bbox 1222 3361 1270 3414; x_wconf 91' lang='lat' dir='ltr'>die</span> <span class='ocrx_word' id='word_1_237' title='bbox 1294 3359 1386 3412; x_wconf 89' lang='lat' dir='ltr'>Stelle</span> 
     </span>
     <span class='ocr_line' id='line_1_27' title="bbox 213 3450 626 3505; baseline 0.002 -2"><span class='ocrx_word' id='word_1_238' title='bbox 213 3451 267 3503; x_wconf 92' lang='lat' dir='ltr'>der</span> <span class='ocrx_word' id='word_1_239' title='bbox 285 3450 493 3505; x_wconf 83' lang='lat' dir='ltr'>iiberlieserten</span> <span class='ocrx_word' id='word_1_240' title='bbox 512 3452 626 3504; x_wconf 92' lang='lat' dir='ltr'>Lieder.</span> 
     </span>
    </p>
   </div>
   <div class='ocr_carea' id='block_1_8' title="bbox 211 3556 1389 4250">
    <p class='ocr_par' dir='ltr' id='par_1_8' title="bbox 211 3556 1389 4250">
     <span class='ocr_line' id='line_1_28' title="bbox 299 3556 1386 3617; baseline -0.003 -7"><span class='ocrx_word' id='word_1_241' title='bbox 299 3585 308 3615; x_wconf 70' lang='lat'>⁷</span> <span class='ocrx_word' id='word_1_242' title='bbox 331 3558 367 3609; x_wconf 95' lang='lat' dir='ltr'>M.</span> <span class='ocrx_word' id='word_1_243' title='bbox 387 3558 492 3611; x_wconf 90' lang='lat' dir='ltr'>Manilii</span> <span class='ocrx_word' id='word_1_244' title='bbox 512 3559 739 3611; x_wconf 90' lang='lat' dir='ltr'>Astronomicon</span> <span class='ocrx_word' id='word_1_245' title='bbox 760 3559 775 3611; x_wconf 91' lang='lat' dir='ltr'>l.</span> <span class='ocrx_word' id='word_1_246' title='bbox 791 3559 811 3611; x_wconf 93' lang='grc' dir='ltr'>Ι.</span> <span class='ocrx_word' id='word_1_247' title='bbox 827 3574 884 3611; x_wconf 88' lang='lat' dir='ltr'>rec.</span> <span class='ocrx_word' id='word_1_248' title='bbox 905 3565 935 3611; x_wconf 93' lang='lat' dir='ltr'>et</span> <span class='ocrx_word' id='word_1_249' title='bbox 954 3558 1099 3611; x_wconf 91' lang='lat' dir='ltr'>enarravit</span> <span class='ocrx_word' id='word_1_250' title='bbox 1118 3558 1152 3610; x_wconf 91' lang='grc' dir='ltr'>Α.</span> <span class='ocrx_word' id='word_1_251' title='bbox 1171 3557 1203 3609; x_wconf 92' lang='lat' dir='ltr'>E.</span> <span class='ocrx_word' id='word_1_252' title='bbox 1224 3556 1386 3617; x_wconf 88' lang='lat' dir='ltr'>Housman,</span> 
     </span>
     <span class='ocr_line' id='line_1_29' title="bbox 211 3646 1386 3716; baseline -0.002 -19"><span class='ocrx_word' id='word_1_253' title='bbox 211 3646 336 3699; x_wconf 93' lang='lat' dir='ltr'>Londini</span> <span class='ocrx_word' id='word_1_254' title='bbox 354 3663 433 3713; x_wconf 80' lang='lat'>19033</span> <span class='ocrx_word' id='word_1_255' title='bbox 453 3648 488 3700; x_wconf 84' lang='lat' dir='ltr'>cf.</span> <span class='ocrx_word' id='word_1_256' title='bbox 503 3648 540 3700; x_wconf 89' lang='lat' dir='ltr'>de</span> <span class='ocrx_word' id='word_1_257' title='bbox 556 3648 611 3701; x_wconf 94' lang='lat' dir='ltr'>hoc</span> <span class='ocrx_word' id='word_1_258' title='bbox 628 3648 709 3710; x_wconf 92' lang='lat' dir='ltr'>libr0‚</span> <span class='ocrx_word' id='word_1_259' title='bbox 725 3663 800 3716; x_wconf 90' lang='lat' dir='ltr'>quae</span> <span class='ocrx_word' id='word_1_260' title='bbox 817 3648 997 3714; x_wconf 90' lang='lat' dir='ltr'>seripserunt</span> <span class='ocrx_word' id='word_1_261' title='bbox 1014 3647 1067 3699; x_wconf 90' lang='lat' dir='ltr'>viri</span> <span class='ocrx_word' id='word_1_262' title='bbox 1086 3646 1173 3709; x_wconf 86' lang='lat' dir='ltr'>docti,</span> <span class='ocrx_word' id='word_1_263' title='bbox 1186 3660 1310 3714; x_wconf 91' lang='lat' dir='ltr'>quorum</span> <span class='ocrx_word' id='word_1_264' title='bbox 1326 3659 1386 3696; x_wconf 89' lang='lat' dir='ltr'>non</span> 
     </span>
     <span class='ocr_line' id='line_1_30' title="bbox 211 3731 1387 3805; baseline -0.003 -19"><span class='ocrx_word' id='word_1_265' title='bbox 211 3735 297 3802; x_wconf 90' lang='lat' dir='ltr'>pauci</span> <span class='ocrx_word' id='word_1_266' title='bbox 323 3737 476 3788; x_wconf 86' lang='lat' dir='ltr'>veritatem</span> <span class='ocrx_word' id='word_1_267' title='bbox 503 3737 636 3805; x_wconf 91' lang='lat' dir='ltr'>quamvis</span> <span class='ocrx_word' id='word_1_268' title='bbox 662 3751 752 3803; x_wconf 91' lang='lat' dir='ltr'>saepe</span> <span class='ocrx_word' id='word_1_269' title='bbox 778 3736 958 3789; x_wconf 91' lang='lat' dir='ltr'>laborantem</span> <span class='ocrx_word' id='word_1_270' title='bbox 982 3736 1018 3788; x_wconf 89' lang='lat' dir='ltr'>ab</span> <span class='ocrx_word' id='word_1_271' title='bbox 1042 3735 1213 3788; x_wconf 91' lang='lat' dir='ltr'>Housmano</span> <span class='ocrx_word' id='word_1_272' title='bbox 1239 3731 1387 3802; x_wconf 87' lang='lat' dir='ltr'>exstingui</span> 
     </span>
     <span class='ocr_line' id='line_1_31' title="bbox 211 3822 1387 3893; baseline -0.003 -18"><span class='ocrx_word' id='word_1_273' title='bbox 211 3823 432 3879; x_wconf 90' lang='lat' dir='ltr'>intellexerunt:</span> <span class='ocrx_word' id='word_1_274' title='bbox 483 3843 503 3877; x_wconf 92' lang='lat'>1.</span> <span class='ocrx_word' id='word_1_275' title='bbox 536 3825 644 3878; x_wconf 91' lang='lat' dir='ltr'>Bollius</span> <span class='ocrx_word' id='word_1_276' title='bbox 680 3825 830 3879; x_wconf 92' lang='lat' dir='ltr'>Deutsche</span> <span class='ocrx_word' id='word_1_277' title='bbox 863 3825 1126 3893; x_wconf 88' lang='lat' dir='ltr'>Literaturzeitung</span> <span class='ocrx_word' id='word_1_278' title='bbox 1165 3826 1232 3887; x_wconf 89' lang='lat'>1906</span> <span class='ocrx_word' id='word_1_279' title='bbox 1269 3822 1322 3874; x_wconf 93' lang='lat' dir='ltr'>No.</span> <span class='ocrx_word' id='word_1_280' title='bbox 1355 3823 1387 3887; x_wconf 75' lang='lat'>83</span> 
     </span>
     <span class='ocr_line' id='line_1_32' title="bbox 212 3910 1387 3984; baseline -0.003 -20"><span class='ocrx_word' id='word_1_281' title='bbox 212 3929 236 3964; x_wconf 89' lang='lat'>2.</span> <span class='ocrx_word' id='word_1_282' title='bbox 252 3913 273 3981; x_wconf 89' lang='lat' dir='ltr'>J.</span> <span class='ocrx_word' id='word_1_283' title='bbox 288 3913 408 3967; x_wconf 89' lang='lat' dir='ltr'>Moeller</span> <span class='ocrx_word' id='word_1_284' title='bbox 419 3914 657 3968; x_wconf 85' lang='lat' dir='ltr'>Wochenschrift</span> <span class='ocrx_word' id='word_1_285' title='bbox 678 3913 967 3984; x_wconf 81' lang='lat' dir='ltr'>l.k1ass.Phi1010gie</span> <span class='ocrx_word' id='word_1_286' title='bbox 990 3929 1055 3982; x_wconf 84' lang='lat'>¹905</span> <span class='ocrx_word' id='word_1_287' title='bbox 1076 3913 1129 3965; x_wconf 94' lang='lat' dir='ltr'>No.</span> <span class='ocrx_word' id='word_1_288' title='bbox 1143 3928 1184 3977; x_wconf 87' lang='lat'>29,</span> <span class='ocrx_word' id='word_1_289' title='bbox 1205 3910 1290 3972; x_wconf 86' lang='lat' dir='ltr'>unde,</span> <span class='ocrx_word' id='word_1_290' title='bbox 1310 3923 1387 3978; x_wconf 90' lang='lat' dir='ltr'>quae</span> 
     </span>
     <span class='ocr_line' id='line_1_33' title="bbox 212 3998 1388 4072; baseline -0.003 -18"><span class='ocrx_word' id='word_1_291' title='bbox 212 4018 282 4055; x_wconf 93' lang='lat' dir='ltr'>vera</span> <span class='ocrx_word' id='word_1_292' title='bbox 302 4003 463 4057; x_wconf 87' lang='lat' dir='ltr'>Housmani</span> <span class='ocrx_word' id='word_1_293' title='bbox 486 4005 589 4057; x_wconf 93' lang='lat' dir='ltr'>merita</span> <span class='ocrx_word' id='word_1_294' title='bbox 608 4004 763 4057; x_wconf 86' lang='lat' dir='ltr'>videantur</span> <span class='ocrx_word' id='word_1_295' title='bbox 782 4019 855 4065; x_wconf 89' lang='lat' dir='ltr'>esse,</span> <span class='ocrx_word' id='word_1_296' title='bbox 876 4003 960 4056; x_wconf 85' lang='lat' dir='ltr'>facile</span> <span class='ocrx_word' id='word_1_297' title='bbox 984 4002 1172 4072; x_wconf 90' lang='lat' dir='ltr'>cognoscitur</span> <span class='ocrx_word' id='word_1_298' title='bbox 1190 4000 1235 4066; x_wconf 84' lang='lat' dir='ltr'>(cf.</span> <span class='ocrx_word' id='word_1_299' title='bbox 1255 3998 1388 4051; x_wconf 91' lang='lat' dir='ltr'>eiusdem</span> 
     </span>
     <span class='ocr_line' id='line_1_34' title="bbox 212 4086 1388 4161; baseline -0.005 -17"><span class='ocrx_word' id='word_1_300' title='bbox 212 4091 303 4144; x_wconf 89' lang='lat' dir='ltr'>verba</span> <span class='ocrx_word' id='word_1_301' title='bbox 321 4093 350 4145; x_wconf 94' lang='lat' dir='ltr'>in</span> <span class='ocrx_word' id='word_1_302' title='bbox 369 4093 441 4146; x_wconf 89' lang='lat' dir='ltr'>Berl.</span> <span class='ocrx_word' id='word_1_303' title='bbox 457 4094 525 4160; x_wconf 88' lang='lat' dir='ltr'>phil.</span> <span class='ocrx_word' id='word_1_304' title='bbox 536 4094 639 4147; x_wconf 92' lang='lat' dir='ltr'>Woch.</span> <span class='ocrx_word' id='word_1_305' title='bbox 657 4110 721 4159; x_wconf 86' lang='lat'>1902</span> <span class='ocrx_word' id='word_1_306' title='bbox 743 4093 795 4146; x_wconf 89' lang='lat' dir='ltr'>No.</span> <span class='ocrx_word' id='word_1_307' title='bbox 810 4110 824 4146; x_wconf 86' lang='lat'>2</span> <span class='ocrx_word' id='word_1_308' title='bbox 846 4109 871 4161; x_wconf 59' lang='lat' dir='ltr'>p,</span> <span class='ocrx_word' id='word_1_309' title='bbox 888 4109 936 4161; x_wconf 81' lang='lat'>45:</span> <span class='ocrx_word' id='word_1_310' title='bbox 957 4093 1124 4145; x_wconf 91' lang='lat' dir='ltr'>Housmans</span> <span class='ocrx_word' id='word_1_311' title='bbox 1143 4087 1293 4142; x_wconf 89' lang='lat' dir='ltr'>schlechte</span> <span class='ocrx_word' id='word_1_312' title='bbox 1308 4086 1388 4139; x_wconf 90' lang='lat' dir='ltr'>Kon-</span> 
     </span>
     <span class='ocr_line' id='line_1_35' title="bbox 211 4179 1389 4250; baseline 0.003 -18"><span class='ocrx_word' id='word_1_313' title='bbox 211 4179 346 4248; x_wconf 88' lang='lat' dir='ltr'>jekturen</span> <span class='ocrx_word' id='word_1_314' title='bbox 367 4198 430 4235; x_wconf 90' lang='lat' dir='ltr'>zum</span> <span class='ocrx_word' id='word_1_315' title='bbox 450 4190 548 4236; x_wconf 90' lang='lat' dir='ltr'>ersten</span> <span class='ocrx_word' id='word_1_316' title='bbox 569 4183 676 4250; x_wconf 83' lang='lat' dir='ltr'>Buch);</span> <span class='ocrx_word' id='word_1_317' title='bbox 702 4199 726 4248; x_wconf 86' lang='lat'>3.</span> <span class='ocrx_word' id='word_1_318' title='bbox 746 4182 817 4235; x_wconf 91' lang='lat' dir='ltr'>Ellis</span> <span class='ocrx_word' id='word_1_319' title='bbox 836 4183 985 4236; x_wconf 89' lang='lat' dir='ltr'>Hermath.</span> <span class='ocrx_word' id='word_1_320' title='bbox 1006 4181 1062 4235; x_wconf 87' lang='lat' dir='ltr'>vol.</span> <span class='ocrx_word' id='word_1_321' title='bbox 1081 4179 1148 4232; x_wconf 88' lang='grc' dir='ltr'>ΧΙΙΙ</span> <span class='ocrx_word' id='word_1_322' title='bbox 1167 4179 1220 4230; x_wconf 91' lang='grc' dir='ltr'>Νο.</span> <span class='ocrx_word' id='word_1_323' title='bbox 1241 4193 1282 4242; x_wconf 88' lang='lat'>30,</span> <span class='ocrx_word' id='word_1_324' title='bbox 1305 4191 1389 4241; x_wconf 85' lang='lat'>1904;</span> 
     </span>
    </p>
   </div>
   <div class='ocr_carea' id='block_1_9' title="bbox 0 0 1603 5048">
    <p class='ocr_par' dir='ltr' id='par_1_9' title="bbox 0 0 1603 5048">
     <span class='ocr_line' id='line_1_36' title="bbox 0 0 1603 5048; baseline 0 0"><span class='ocrx_word' id='word_1_325' title='bbox 0 0 1603 5048; x_wconf 95' lang='lat' dir='ltr'> </span> 
     </span>
    </p>
   </div>
  </div>
 </body>
</html>
